2776 4077
611 459 733 564 D.
803 422 1142 568 IVNII
1210 374 1930 573 IUVENALIS

887 705 1445 767 SATYRA
1498 707 1659 771 XI.
1768 670 1776 681 ¹

395 1515 626 1576 Atticus
669 1515 884 1577 eximie
925 1516 975 1577 si
1018 1524 1250 1592 coenat,
1297 1517 1497 1580 lautus
1538 1518 1843 1595 hahetur;

310 1591 374 1654 Si
417 1592 676 1667 Rutilus,
723 1594 990 1657 demens.
1035 1596 1187 1666 Quid
1231 1597 1388 1658 enim
1440 1598 1663 1661 maiore
1695 1601 2005 1664 cachinno

307 1662 612 1751 Excipitur
655 1674 838 1750 vulgi,
883 1692 1062 1753 quam
1110 1692 1337 1754 pauper
1376 1676 1679 1754 Apicius?
1720 1677 1926 1743 Omnis

309 1750 647 1826 Convictus,
694 1752 978 1826 thermae,
1023 1754 1334 1831 stationeS,
1379 1771 1557 1817 omne
1602 1758 1900 1821 theatrum

311 1826 391 1888 De
435 1828 658 1890 Rutilo.
704 1829 849 1892 Nam
893 1832 1033 1892 dum
1082 1832 1272 1893 valida
1317 1850 1387 1896 ac
1430 1834 1715 1898 iuvenilia
1763 1838 2031 1901 membra
2209 1845 2239 1886 5

307 1904 623 1969 Sufficiunt
663 1911 890 1986 galeae,
934 1912 1200 1990 dumque
1241 1912 1454 1976 ardent
1494 1918 1808 1993 sanguine,
1854 1919 2070 1998 fertur,

305 1983 435 2047 Non
476 1996 722 2062 cogente
762 1989 1027 2069 quidem,
1071 1991 1172 2055 sed
1218 2010 1327 2055 nec
1371 1993 1725 2073 prohibente
1769 1997 2033 2078 tribuno,

307 2062 657 2141 Scripturus
698 2066 880 2143 legeS,
925 2078 983 2131 et
1024 2071 1185 2147 regia
1230 2071 1411 2136 verba
1453 2073 1729 2138 lanistae.

304 2141 524 2204 Multos
567 2160 747 2222 porro
789 2146 975 2221 videS,
1020 2166 1170 2226 quos
1212 2169 1390 2231 saepe
1430 2153 1633 2216 elusus
1676 2155 1748 2217 ad
1791 2156 1992 2235 ipsum

304 2221 579 2283 Creditor
621 2224 935 2286 introitum
979 2227 1132 2290 solet
1171 2238 1486 2309 expectare
1528 2235 1793 2309 macelli,
1945 2242 1949 2246 ⁴
2183 2239 2239 2283 ¹⁰

304 2298 377 2359 Et
419 2299 635 2379 quibus
676 2302 739 2363 in
783 2304 911 2368 solo
953 2307 1186 2368 vivendi
1231 2327 1408 2372 causa
1457 2312 1655 2390 palato
1699 2321 1811 2375 est.
1847 2317 1850 2318 ’

300 2377 589 2457 Egregius
631 2393 864 2459 coenat,
913 2386 1246 2466 meliusque
1291 2391 1669 2454 miserrimus
1711 2395 1950 2472 horum,

302 2455 376 2517 Et
416 2461 534 2519 cito
576 2478 828 2523 casurus
872 2462 989 2525 iam
1036 2470 1388 2545 perlucente
1433 2470 1643 2535 ruina..

298 2533 531 2599 Interea
574 2548 785 2616 gustus
825 2541 1142 2605 elementa'
1168 2564 1277 2625 per
1317 2550 1520 2609 omnia
1566 2558 1889 2629 quaerunt,

297 2612 618 2694 Nunquam
661 2618 867 2681 animo
953 2623 1123 2685 retiis
1165 2623 1569 2689 obstantibus.
1600 2629 1872 2708 „Interius
1913 2629 1966 2692 si
2182 2632 2237 2676 ¹⁵

296 2693 607 2769 Attendas,
657 2699 843 2775 magis
884 2699 901 2759 i
937 2703 986 2761 la
1033 2702 1254 2774 iuvant,
1305 2723 1461 2785 quae
1504 2706 1697 2787 pluris
1740 2719 2057 2773 emuntur.

296 2770 450 2850 Ergo
492 2773 651 2840 haud
693 2776 934 2842 difficile
955 2790 1086 2857 ,est,
1132 2784 1465 2862 perituram
1506 2803 1810 2851 arcessere
1851 2806 2150 2854 summam

299 2849 597 2914 Lancibus
639 2857 930 2933 oppositis
974 2861 1068 2920 vel
1113 2864 1323 2925 matris
1366 2863 1627 2942 imagine
1669 2866 1882 2943 fracta,

300 2926 370 2988 Et
410 2933 864 3010 quadringentis
906 2940 1171 3001 nummis
1214 2941 1463 3004 condire
1503 2944 1781 3021 gulosum

296 3004 553 3072 Fictile:
598 3012 685 3072 sic
730 3014 977 3075 veniunt
1016 3018 1090 3077 ad
1138 3020 1524 3083 miscellanea
1573 3023 1723 3083 ludi.
2176 3025 2235 3070 20

297 3084 502 3149 Refert
545 3108 710 3167 ergo,
757 3092 892 3170 quis
937 3094 1084 3158 haec
1127 3099 1334 3160 eadem
1424 3108 1598 3162 aret:
1645 3102 1709 3163 in
1751 3102 1959 3167 Rutilo
2001 3121 2176 3167 namt

295 3162 554 3228 Luxuria
600 3178 732 3246 est;
777 3172 840 3232 in
885 3172 1163 3237 Ventidio
1208 3177 1379 3237 lauda
1429 3178 1508 3241 ile
1550 3196 1772 3243 nomen
1885 3235 1890 3238 ,

295 3240 515 3320 Sumit,
563 3257 621 3308 et
663 3267 694 3310 a
739 3269 921 3313 censu
970 3253 1187 3316 famam
1236 3256 1440 3317 trahit.
1486 3257 1659 3320 Illum
1706 3278 1817 3339 ego
1858 3262 1998 3326 iure

296 3319 652 3402 Despiciam,
697 3331 799 3408 qui
843 3332 958 3393 scit
999 3343 1224 3413 quanto
1266 3336 1584 3408 sublimior
1625 3339 1791 3401 Atlas

295 3398 586 3466 Omnibus
629 3406 694 3467 in
740 3408 918 3490 Libya
963 3412 1043 3473 sit
1087 3414 1439 3479 montibus:
1486 3417 1587 3481 hic
1629 3427 1828 3482 tamen
1870 3418 2031 3484 idem
2178 3419 2234 3465 ³⁵
