2776 4077
849 350 960 409 Sue
996 365 1254 409 onscunls
1290 364 1548 408 vnnsuuu
1585 364 1940 409 mvowcan.

845 437 1050 496 Nullus
1089 444 1353 511 peccator
1394 437 1543 495 liber
1580 444 1669 494 est
1706 453 1738 495 a
1776 439 2056 508 carmine,

848 528 1110 584 Fortasse
1146 532 1269 583 tute
1307 525 1550 583 laudans
1589 524 1737 596 quod
1780 525 2106 583 miraberis,

847 613 1096 672 Oblitam
1139 611 1408 671 mordent
1446 619 1761 670 matronam
1805 611 2004 684 officii,

844 703 1054 761 Ducem
1094 717 1245 759 nunc
1281 701 1597 772 gloriosum
1641 699 1939 769 lancinant
1980 702 2197 772 iibere,

839 793 1032 849 Annos
1069 789 1165 862 qui
1207 796 1469 846 numerat
1505 803 1643 847 suos
1682 804 1714 846 a
1750 787 2034 860 cladibus,

792 930 795 933 ,
841 879 1070 937 Incedit
1107 886 1165 936 et
1201 878 1483 950 superbus
1524 878 1584 935 in
1621 877 1749 937 foro
1787 885 2003 936 tamen.

839 969 916 1026 Eo
951 966 1344 1038 corruptionis
1378 966 1538 1024 orbis
1578 974 1941 1037 pervenerat,

840 1058 912 1116 Ut
953 1057 1135 1130 ipsum
1177 1055 1417 1128 adgredi
1462 1071 1565 1114 nec
1590 1054 1873 1114 Neronem
1903 1055 2194 1126 dubitent,

840 1146 1046 1202 Mirum
1086 1145 1236 1218 quod
1277 1149 1436 1202 certe
1477 1143 1815 1202 iudicabunt
1853 1145 2085 1218 posteri.

843 1235 920 1290 At
956 1233 1103 1291 alios
1144 1239 1377 1290 monent
1415 1231 1548 1290 dum
1589 1224 1836 1290 officium
1876 1248 2039 1290 suum

843 1323 1049 1380 Poetae
1087 1328 1341 1380 sanctum
1384 1321 1494 1393 ipsi
1538 1338 1741 1379 munus
1782 1322 2108 1395 negligunt.

841 1412 1002 1468 Enim
1042 1411 1091 1467 si
1136 1410 1474 1483 praedicant
1512 1411 1838 1468 castitatem
1877 1411 2123 1482 civibuS,

837 1500 1086 1557 Maxime
1122 1514 1234 1572 quo
1275 1499 1400 1556 iure
1438 1498 1747 1557 laudantur
1787 1507 2032 1570 vetereS,

836 1587 998 1660 Ipsos
1035 1596 1093 1644 tu
1135 1587 1350 1659 poteris
1390 1587 1585 1646 dicere
1623 1588 2009 1646 foedissimos,

834 1675 980 1733 Hinc
1017 1689 1125 1748 ego
1162 1674 1393 1732 credam
1434 1691 1525 1732 me
1564 1665 1818 1748 t{essisse
1860 1677 2073 1734 rectius

836 1765 1046 1822 Forent
1081 1777 1226 1836 quae
1266 1761 1524 1822 foediora
1564 1773 1896 1822 cunctorum
1932 1766 2190 1835 auribuS,

833 1854 916 1911 Ne
953 1853 1117 1910 dicar
1156 1853 1300 1925 ipse,
1341 1853 1490 1924 quod
1534 1854 1824 1920 damnavi,
1867 1855 2080 1919 facere,

836 1941 935 1999 Pio
973 1941 1023 1997 si
1062 1941 1308 2014 quodam
1349 1941 1647 1999 volverem
1689 1941 1998 2011 velamine,

835 2028 1088 2088 Meorum
1128 2028 1397 2088 tollerem
1439 2027 1717 2088 lectorum
1756 2027 1964 2087 oculis.

836 2118 1048 2174 Tamen
1087 2116 1360 2176 libertate
1401 2131 1532 2174 usus
1571 2115 1678 2175 hac
1713 2132 1840 2175 sum
1882 2119 2130 2191 parcius.

833 2207 875 2263 E
911 2206 1203 2264 desiderio
1240 2213 1449 2265 cuncta
1486 2213 1584 2265 tuo
1622 2205 1821 2264 fluant.

1790 2571 1842 2628 J.
1887 2571 1946 2628 B.
1991 2570 2324 2631 Famam.
