<?xml version="1.0" encoding="UTF-8"?>
<!DOCTYPE html PUBLIC "-//W3C//DTD XHTML 1.0 Transitional//EN"
    "http://www.w3.org/TR/xhtml1/DTD/xhtml1-transitional.dtd">
<html xmlns="http://www.w3.org/1999/xhtml" xml:lang="en" lang="en">
 <head>
  <title>
</title>
<meta http-equiv="Content-Type" content="text/html;charset=utf-8" />
  <meta name='ocr-system' content='tesseract 3.04.00' />
  <meta name='ocr-capabilities' content='ocr_page ocr_carea ocr_par ocr_line ocrx_word'/>
</head>
<body>
  <div class='ocr_page' id='page_1' title='image "apersiiflaccisa03persgoog_0011.png"; bbox 0 0 2776 4077; ppageno 0'>
   <div class='ocr_carea' id='block_1_1' title="bbox 698 415 1883 526">
    <p class='ocr_par' dir='ltr' id='par_1_1' title="bbox 698 415 1883 526">
     <span class='ocr_line' id='line_1_1' title="bbox 698 415 1883 526; baseline 0.002 -2"><span class='ocrx_word' id='word_1_1' title='bbox 698 415 818 524; x_wconf 82' lang='lat' dir='ltr'>A.</span> <span class='ocrx_word' id='word_1_2' title='bbox 897 415 1341 524; x_wconf 89' lang='lat' dir='ltr'>PERSII</span> <span class='ocrx_word' id='word_1_3' title='bbox 1413 415 1883 526; x_wconf 83' lang='lat' dir='ltr'><strong>FLACCI</strong></span> 
     </span>
    </p>
   </div>
   <div class='ocr_carea' id='block_1_2' title="bbox 979 695 1623 755">
    <p class='ocr_par' dir='ltr' id='par_1_2' title="bbox 979 695 1623 755">
     <span class='ocr_line' id='line_1_2' title="bbox 979 695 1623 755; baseline 0 -1"><span class='ocrx_word' id='word_1_4' title='bbox 979 695 1523 755; x_wconf 81' lang='lat' dir='ltr'><strong>SATYRA</strong></span> <span class='ocrx_word' id='word_1_5' title='bbox 1582 696 1623 754; x_wconf 92' lang='lat'>1</span> 
     </span>
    </p>
   </div>
   <div class='ocr_carea' id='block_1_3' title="bbox 299 1527 2289 3436">
    <p class='ocr_par' dir='ltr' id='par_1_3' title="bbox 300 1527 2289 2484">
     <span class='ocr_line' id='line_1_3' title="bbox 407 1527 2245 1607; baseline -0.001 -17"><span class='ocrx_word' id='word_1_6' title='bbox 407 1551 437 1590; x_wconf 84' lang='grc'>((</span> <span class='ocrx_word' id='word_1_7' title='bbox 467 1529 716 1592; x_wconf 89' lang='lat' dir='ltr'>Ocuras</span> <span class='ocrx_word' id='word_1_8' title='bbox 746 1528 1096 1590; x_wconf 85' lang='lat' dir='ltr'>hominum!</span> <span class='ocrx_word' id='word_1_9' title='bbox 1147 1545 1181 1589; x_wconf 97' lang='lat' dir='ltr'>o</span> <span class='ocrx_word' id='word_1_10' title='bbox 1226 1536 1514 1607; x_wconf 80' lang='lat' dir='ltr'>quantum</span> <span class='ocrx_word' id='word_1_11' title='bbox 1562 1536 1652 1589; x_wconf 85' lang='lat' dir='ltr'>est</span> <span class='ocrx_word' id='word_1_12' title='bbox 1693 1527 1756 1588; x_wconf 90' lang='lat' dir='ltr'>in</span> <span class='ocrx_word' id='word_1_13' title='bbox 1800 1528 1980 1590; x_wconf 90' lang='lat' dir='ltr'>rebus</span> <span class='ocrx_word' id='word_1_14' title='bbox 2024 1527 2245 1590; x_wconf 84' lang='lat' dir='ltr'>inane!</span> 
     </span>
     <span class='ocr_line' id='line_1_4' title="bbox 301 1606 2250 1686; baseline -0.002 -16"><span class='ocrx_word' id='word_1_15' title='bbox 301 1608 452 1681; x_wconf 84' lang='lat' dir='ltr'>Quis</span> <span class='ocrx_word' id='word_1_16' title='bbox 469 1609 816 1686; x_wconf 81' lang='lat' dir='ltr'>legethaec‘?</span> <span class='ocrx_word' id='word_1_17' title='bbox 837 1628 865 1666; x_wconf 80' lang='lat'>›&gt;</span> <span class='ocrx_word' id='word_1_18' title='bbox 887 1607 1027 1668; x_wconf 85' lang='lat' dir='ltr'>Min’</span> <span class='ocrx_word' id='word_1_19' title='bbox 1048 1616 1108 1666; x_wconf 91' lang='lat' dir='ltr'>tu</span> <span class='ocrx_word' id='word_1_20' title='bbox 1128 1607 1282 1667; x_wconf 90' lang='lat' dir='ltr'>istud</span> <span class='ocrx_word' id='word_1_21' title='bbox 1304 1607 1427 1666; x_wconf 74' lang='lat' dir='ltr'>ais?</span> <span class='ocrx_word' id='word_1_22' title='bbox 1447 1628 1475 1666; x_wconf 85' lang='lat'>«</span> <span class='ocrx_word' id='word_1_23' title='bbox 1494 1606 1679 1669; x_wconf 89' lang='lat' dir='ltr'>Nemo</span> <span class='ocrx_word' id='word_1_24' title='bbox 1698 1608 2007 1669; x_wconf 80' lang='lat' dir='ltr'><strong>hercule.»</strong></span> <span class='ocrx_word' id='word_1_25' title='bbox 2026 1606 2250 1671; x_wconf 75' lang='lat' dir='ltr'>Nemo?</span> 
     </span>
     <span class='ocr_line' id='line_1_5' title="bbox 308 1685 2122 1763; baseline 0.001 -17"><span class='ocrx_word' id='word_1_26' title='bbox 308 1708 342 1748; x_wconf 88' lang='lat'>«</span> <span class='ocrx_word' id='word_1_27' title='bbox 370 1689 476 1750; x_wconf 85' lang='lat' dir='ltr'>Vel</span> <span class='ocrx_word' id='word_1_28' title='bbox 506 1691 650 1758; x_wconf 83' lang='lat' dir='ltr'>duo,</span> <span class='ocrx_word' id='word_1_29' title='bbox 683 1687 771 1748; x_wconf 89' lang='lat' dir='ltr'>vel</span> <span class='ocrx_word' id='word_1_30' title='bbox 806 1703 982 1748; x_wconf 88' lang='lat' dir='ltr'>nemo</span> <span class='ocrx_word' id='word_1_31' title='bbox 1011 1705 1024 1745; x_wconf 73' lang='grc' dir='ltr'>ε</span> <span class='ocrx_word' id='word_1_32' title='bbox 1064 1694 1236 1763; x_wconf 89' lang='lat' dir='ltr'>turpe</span> <span class='ocrx_word' id='word_1_33' title='bbox 1265 1696 1324 1747; x_wconf 89' lang='lat' dir='ltr'>et</span> <span class='ocrx_word' id='word_1_34' title='bbox 1355 1685 1721 1748; x_wconf 88' lang='lat' dir='ltr'>miserabile.</span> <span class='ocrx_word' id='word_1_35' title='bbox 1760 1705 1788 1744; x_wconf 84' lang='lat'>»</span> <span class='ocrx_word' id='word_1_36' title='bbox 1823 1686 2018 1759; x_wconf 82' lang='lat' dir='ltr'>Quare</span> <span class='ocrx_word' id='word_1_37' title='bbox 2043 1687 2074 1747; x_wconf 70' lang='lat'>‘2</span> <span class='ocrx_word' id='word_1_38' title='bbox 2103 1711 2122 1756; x_wconf 62' lang='lat' dir='ltr'><strong><em>q</em></strong></span> 
     </span>
     <span class='ocr_line' id='line_1_6' title="bbox 304 1764 1712 1846; baseline 0.002 -20"><span class='ocrx_word' id='word_1_39' title='bbox 304 1765 390 1828; x_wconf 90' lang='lat' dir='ltr'>Ne</span> <span class='ocrx_word' id='word_1_40' title='bbox 421 1768 570 1829; x_wconf 88' lang='lat' dir='ltr'>mihi</span> <span class='ocrx_word' id='word_1_41' title='bbox 598 1766 948 1846; x_wconf 78' lang='lat' dir='ltr'>Polydamas</span> <span class='ocrx_word' id='word_1_42' title='bbox 977 1774 1036 1828; x_wconf 84' lang='lat' dir='ltr'>et</span> <span class='ocrx_word' id='word_1_43' title='bbox 1061 1764 1346 1827; x_wconf 77' lang='lat' dir='ltr'>Troiades</span> <span class='ocrx_word' id='word_1_44' title='bbox 1377 1768 1712 1832; x_wconf 79' lang='lat' dir='ltr'>Labeonem</span> 
     </span>
     <span class='ocr_line' id='line_1_7' title="bbox 301 1845 2251 1928; baseline 0.001 -22"><span class='ocrx_word' id='word_1_45' title='bbox 301 1845 709 1909; x_wconf 79' lang='lat' dir='ltr'>Praetulerim</span> <span class='ocrx_word' id='word_1_46' title='bbox 732 1845 763 1904; x_wconf 78' lang='lat'>⁶?</span> <span class='ocrx_word' id='word_1_47' title='bbox 794 1863 1008 1928; x_wconf 84' lang='lat' dir='ltr'>nugae.</span> <span class='ocrx_word' id='word_1_48' title='bbox 1041 1845 1193 1920; x_wconf 90' lang='lat' dir='ltr'>Non,</span> <span class='ocrx_word' id='word_1_49' title='bbox 1226 1846 1276 1906; x_wconf 93' lang='lat' dir='ltr'>si</span> <span class='ocrx_word' id='word_1_50' title='bbox 1308 1850 1452 1926; x_wconf 84' lang='lat' dir='ltr'>quid</span> <span class='ocrx_word' id='word_1_51' title='bbox 1485 1849 1720 1910; x_wconf 83' lang='lat' dir='ltr'>turbida</span> <span class='ocrx_word' id='word_1_52' title='bbox 1755 1848 1941 1909; x_wconf 87' lang='lat' dir='ltr'>Roma</span> <span class='ocrx_word' id='word_1_53' title='bbox 2222 1847 2251 1887; x_wconf 80' lang='lat'><strong>⁵</strong></span> 
     </span>
     <span class='ocr_line' id='line_1_8' title="bbox 300 1924 1786 2005; baseline 0.003 -21"><span class='ocrx_word' id='word_1_54' title='bbox 300 1924 526 2001; x_wconf 84' lang='lat' dir='ltr'>Elevet‚</span> <span class='ocrx_word' id='word_1_55' title='bbox 557 1926 1178 1997; x_wconf 70' lang='lat' dir='ltr'>accedas-,sexamenve</span> <span class='ocrx_word' id='word_1_56' title='bbox 1210 1925 1552 2005; x_wconf 89' lang='lat' dir='ltr'>improbum</span> <span class='ocrx_word' id='word_1_57' title='bbox 1587 1929 1650 1988; x_wconf 92' lang='lat' dir='ltr'>in</span> <span class='ocrx_word' id='word_1_58' title='bbox 1685 1927 1786 1988; x_wconf 86' lang='lat' dir='ltr'>illa</span> 
     </span>
     <span class='ocr_line' id='line_1_9' title="bbox 300 2002 1818 2083; baseline 0.001 -18"><span class='ocrx_word' id='word_1_59' title='bbox 300 2003 571 2082; x_wconf 85' lang='lat' dir='ltr'>Castiges</span> <span class='ocrx_word' id='word_1_60' title='bbox 601 2005 822 2065; x_wconf 82' lang='lat' dir='ltr'>trutina</span> <span class='ocrx_word' id='word_1_61' title='bbox 853 2025 866 2065; x_wconf 92' lang='lat'>:</span> <span class='ocrx_word' id='word_1_62' title='bbox 899 2023 1010 2067; x_wconf 88' lang='lat' dir='ltr'>nec</span> <span class='ocrx_word' id='word_1_63' title='bbox 1045 2014 1099 2067; x_wconf 89' lang='lat' dir='ltr'>te</span> <span class='ocrx_word' id='word_1_64' title='bbox 1128 2009 1498 2083; x_wconf 84' lang='lat' dir='ltr'>quaesiveris</span> <span class='ocrx_word' id='word_1_65' title='bbox 1529 2016 1719 2070; x_wconf 84' lang='lat' dir='ltr'>extra.</span> <span class='ocrx_word' id='word_1_66' title='bbox 1811 2002 1818 2025; x_wconf 68' lang='lat'><em>³</em></span> 
     </span>
     <span class='ocr_line' id='line_1_10' title="bbox 300 2080 1945 2163; baseline 0.004 -22"><span class='ocrx_word' id='word_1_67' title='bbox 300 2080 448 2144; x_wconf 89' lang='lat' dir='ltr'>Nam</span> <span class='ocrx_word' id='word_1_68' title='bbox 480 2084 707 2145; x_wconf 89' lang='lat' dir='ltr'>Romae</span> <span class='ocrx_word' id='word_1_69' title='bbox 738 2084 874 2163; x_wconf 89' lang='lat' dir='ltr'>quis</span> <span class='ocrx_word' id='word_1_70' title='bbox 903 2102 1025 2145; x_wconf 92' lang='lat' dir='ltr'>non</span> <span class='ocrx_word' id='word_1_71' title='bbox 1050 2084 1081 2143; x_wconf 65' lang='grc' dir='ltr'>ἰ)</span> <span class='ocrx_word' id='word_1_72' title='bbox 1111 2085 1210 2159; x_wconf 84' lang='lat' dir='ltr'>ah,</span> <span class='ocrx_word' id='word_1_73' title='bbox 1243 2086 1292 2149; x_wconf 91' lang='lat' dir='ltr'>si</span> <span class='ocrx_word' id='word_1_74' title='bbox 1325 2087 1413 2147; x_wconf 81' lang='lat' dir='ltr'>fas</span> <span class='ocrx_word' id='word_1_75' title='bbox 1444 2088 1688 2150; x_wconf 82' lang='lat' dir='ltr'>dicere!</span> <span class='ocrx_word' id='word_1_76' title='bbox 1722 2089 1826 2149; x_wconf 90' lang='lat' dir='ltr'>sed</span> <span class='ocrx_word' id='word_1_77' title='bbox 1857 2086 1945 2148; x_wconf 82' lang='lat' dir='ltr'>fas</span> 
     </span>
     <span class='ocr_line' id='line_1_11' title="bbox 304 2161 2092 2235; baseline 0.002 -12"><span class='ocrx_word' id='word_1_78' title='bbox 304 2161 496 2235; x_wconf 86' lang='lat' dir='ltr'>Tunc,</span> <span class='ocrx_word' id='word_1_79' title='bbox 527 2180 665 2225; x_wconf 91' lang='lat' dir='ltr'>cum</span> <span class='ocrx_word' id='word_1_80' title='bbox 697 2165 769 2223; x_wconf 92' lang='lat' dir='ltr'>ad</span> <span class='ocrx_word' id='word_1_81' title='bbox 800 2162 1078 2224; x_wconf 86' lang='lat' dir='ltr'>canitiem</span> <span class='ocrx_word' id='word_1_82' title='bbox 1112 2171 1172 2223; x_wconf 82' lang='lat' dir='ltr'>et</span> <span class='ocrx_word' id='word_1_83' title='bbox 1201 2174 1470 2227; x_wconf 79' lang='lat' dir='ltr'>nostrum</span> <span class='ocrx_word' id='word_1_84' title='bbox 1503 2168 1663 2229; x_wconf 80' lang='lat' dir='ltr'>istud</span> <span class='ocrx_word' id='word_1_85' title='bbox 1696 2167 1892 2227; x_wconf 88' lang='lat' dir='ltr'>vivere</span> <span class='ocrx_word' id='word_1_86' title='bbox 1923 2165 2092 2227; x_wconf 82' lang='lat' dir='ltr'>triste</span> 
     </span>
     <span class='ocr_line' id='line_1_12' title="bbox 311 2242 2289 2326; baseline 0.001 -23"><span class='ocrx_word' id='word_1_87' title='bbox 311 2246 542 2323; x_wconf 83' lang='lat' dir='ltr'>Aspexi,</span> <span class='ocrx_word' id='word_1_88' title='bbox 581 2252 639 2306; x_wconf 90' lang='lat' dir='ltr'>et</span> <span class='ocrx_word' id='word_1_89' title='bbox 668 2244 921 2304; x_wconf 87' lang='lat' dir='ltr'>nucibus</span> <span class='ocrx_word' id='word_1_90' title='bbox 950 2244 1203 2304; x_wconf 79' lang='lat' dir='ltr'>facimus</span> <span class='ocrx_word' id='word_1_91' title='bbox 1246 2262 1662 2326; x_wconf 84' lang='lat' dir='ltr'>quaecumque</span> <span class='ocrx_word' id='word_1_92' title='bbox 1694 2244 1957 2317; x_wconf 84' lang='lat' dir='ltr'>relictis;</span> <span class='ocrx_word' id='word_1_93' title='bbox 2190 2242 2243 2285; x_wconf 80' lang='lat'>¹⁰</span> <span class='ocrx_word' id='word_1_94' title='bbox 2286 2276 2289 2279; x_wconf 40' lang='lat'><strong>⁴</strong></span> 
     </span>
     <span class='ocr_line' id='line_1_13' title="bbox 309 2322 2135 2404; baseline -0.002 -18"><span class='ocrx_word' id='word_1_95' title='bbox 309 2323 454 2387; x_wconf 89' lang='lat' dir='ltr'>Cum</span> <span class='ocrx_word' id='word_1_96' title='bbox 487 2323 753 2403; x_wconf 88' lang='lat' dir='ltr'>sapimus</span> <span class='ocrx_word' id='word_1_97' title='bbox 786 2332 1065 2403; x_wconf 83' lang='lat' dir='ltr'>patruos:</span> <span class='ocrx_word' id='word_1_98' title='bbox 1104 2331 1263 2391; x_wconf 83' lang='lat' dir='ltr'>tunc,</span> <span class='ocrx_word' id='word_1_99' title='bbox 1302 2331 1465 2403; x_wconf 86' lang='lat' dir='ltr'>tunc,</span> <span class='ocrx_word' id='word_1_100' title='bbox 1499 2324 1811 2404; x_wconf 80' lang='lat' dir='ltr'>ignoscite.</span> <span class='ocrx_word' id='word_1_101' title='bbox 1848 2346 1876 2384; x_wconf 87' lang='lat'>&lt;‹</span> <span class='ocrx_word' id='word_1_102' title='bbox 1903 2322 2073 2387; x_wconf 91' lang='lat' dir='ltr'>Nolo.</span> <span class='ocrx_word' id='word_1_103' title='bbox 2105 2342 2135 2382; x_wconf 61' lang='lat' dir='ltr'>s</span> 
     </span>
     <span class='ocr_line' id='line_1_14' title="bbox 308 2402 1955 2484; baseline 0 -20"><span class='ocrx_word' id='word_1_104' title='bbox 308 2403 458 2476; x_wconf 86' lang='lat' dir='ltr'>Quid</span> <span class='ocrx_word' id='word_1_105' title='bbox 490 2404 700 2465; x_wconf 87' lang='lat' dir='ltr'>faciam</span> <span class='ocrx_word' id='word_1_106' title='bbox 728 2402 758 2462; x_wconf 81' lang='lat'>⁶?</span> <span class='ocrx_word' id='word_1_107' title='bbox 787 2404 888 2465; x_wconf 91' lang='lat' dir='ltr'>sed</span> <span class='ocrx_word' id='word_1_108' title='bbox 921 2420 1054 2463; x_wconf 91' lang='lat' dir='ltr'>sum</span> <span class='ocrx_word' id='word_1_109' title='bbox 1089 2403 1376 2482; x_wconf 81' lang='lat' dir='ltr'>petulanti</span> <span class='ocrx_word' id='word_1_110' title='bbox 1402 2404 1611 2484; x_wconf 86' lang='lat' dir='ltr'>splene</span> <span class='ocrx_word' id='word_1_111' title='bbox 1640 2405 1955 2467; x_wconf 87' lang='lat' dir='ltr'>cachinno.</span> 
     </span>
    </p>

    <p class='ocr_par' dir='ltr' id='par_1_4' title="bbox 301 2482 2238 2958">
     <span class='ocr_line' id='line_1_15' title="bbox 387 2482 1977 2564; baseline -0.002 -18"><span class='ocrx_word' id='word_1_112' title='bbox 387 2483 720 2546; x_wconf 88' lang='lat' dir='ltr'>Scribimus</span> <span class='ocrx_word' id='word_1_113' title='bbox 750 2482 990 2558; x_wconf 88' lang='lat' dir='ltr'>inclusi,</span> <span class='ocrx_word' id='word_1_114' title='bbox 1023 2498 1309 2544; x_wconf 87' lang='lat' dir='ltr'>numeros</span> <span class='ocrx_word' id='word_1_115' title='bbox 1338 2484 1467 2560; x_wconf 89' lang='lat' dir='ltr'>ille,</span> <span class='ocrx_word' id='word_1_116' title='bbox 1499 2485 1599 2547; x_wconf 90' lang='lat' dir='ltr'>hic</span> <span class='ocrx_word' id='word_1_117' title='bbox 1628 2482 1977 2564; x_wconf 59' lang='lat' dir='ltr'>pedaliber,</span> 
     </span>
     <span class='ocr_line' id='line_1_16' title="bbox 306 2560 2192 2643; baseline -0.001 -20"><span class='ocrx_word' id='word_1_118' title='bbox 306 2560 542 2642; x_wconf 87' lang='lat' dir='ltr'>Grande</span> <span class='ocrx_word' id='word_1_119' title='bbox 571 2560 822 2640; x_wconf 83' lang='lat' dir='ltr'>aliquid,</span> <span class='ocrx_word' id='word_1_120' title='bbox 855 2562 1011 2640; x_wconf 89' lang='lat' dir='ltr'>quod</span> <span class='ocrx_word' id='word_1_121' title='bbox 1047 2562 1250 2639; x_wconf 86' lang='lat' dir='ltr'>pulmo</span> <span class='ocrx_word' id='word_1_122' title='bbox 1281 2564 1519 2625; x_wconf 88' lang='lat' dir='ltr'>animae</span> <span class='ocrx_word' id='word_1_123' title='bbox 1549 2564 1899 2643; x_wconf 86' lang='lat' dir='ltr'>praelargus</span> <span class='ocrx_word' id='word_1_124' title='bbox 1928 2562 2192 2625; x_wconf 79' lang='lat' dir='ltr'>anhelet.</span> 
     </span>
     <span class='ocr_line' id='line_1_17' title="bbox 301 2641 2238 2722; baseline -0.002 -17"><span class='ocrx_word' id='word_1_125' title='bbox 301 2641 548 2707; x_wconf 86' lang='lat' dir='ltr'>Scilicet</span> <span class='ocrx_word' id='word_1_126' title='bbox 574 2642 720 2703; x_wconf 87' lang='lat' dir='ltr'>haec</span> <span class='ocrx_word' id='word_1_127' title='bbox 749 2641 990 2721; x_wconf 86' lang='lat' dir='ltr'>populo,</span> <span class='ocrx_word' id='word_1_128' title='bbox 1025 2658 1327 2720; x_wconf 88' lang='lat' dir='ltr'>pexusque</span> <span class='ocrx_word' id='word_1_129' title='bbox 1357 2650 1613 2722; x_wconf 84' lang='lat' dir='ltr'>togaque</span> <span class='ocrx_word' id='word_1_130' title='bbox 1642 2642 1897 2720; x_wconf 78' lang='lat' dir='ltr'>recenti,</span> <span class='ocrx_word' id='word_1_131' title='bbox 2184 2643 2238 2682; x_wconf 81' lang='lat'>¹⁵</span> 
     </span>
     <span class='ocr_line' id='line_1_18' title="bbox 304 2721 1716 2803; baseline 0.001 -21"><span class='ocrx_word' id='word_1_132' title='bbox 304 2721 376 2783; x_wconf 85' lang='lat' dir='ltr'>Et</span> <span class='ocrx_word' id='word_1_133' title='bbox 402 2721 673 2783; x_wconf 86' lang='lat' dir='ltr'>natalitia</span> <span class='ocrx_word' id='word_1_134' title='bbox 705 2723 943 2782; x_wconf 88' lang='lat' dir='ltr'>tandem</span> <span class='ocrx_word' id='word_1_135' title='bbox 975 2738 1110 2783; x_wconf 90' lang='lat' dir='ltr'>cum</span> <span class='ocrx_word' id='word_1_136' title='bbox 1144 2722 1515 2803; x_wconf 75' lang='lat' dir='ltr'>sardonyche</span> <span class='ocrx_word' id='word_1_137' title='bbox 1544 2722 1716 2784; x_wconf 89' lang='lat' dir='ltr'>albus</span> 
     </span>
     <span class='ocr_line' id='line_1_19' title="bbox 305 2799 1841 2881; baseline 0 -20"><span class='ocrx_word' id='word_1_138' title='bbox 305 2799 454 2863; x_wconf 88' lang='lat' dir='ltr'>Sede</span> <span class='ocrx_word' id='word_1_139' title='bbox 484 2801 643 2880; x_wconf 85' lang='lat' dir='ltr'>leges</span> <span class='ocrx_word' id='word_1_140' title='bbox 673 2802 852 2872; x_wconf 73' lang='lat' dir='ltr'>celsa,</span> <span class='ocrx_word' id='word_1_141' title='bbox 887 2800 1119 2880; x_wconf 89' lang='lat' dir='ltr'>liquido</span> <span class='ocrx_word' id='word_1_142' title='bbox 1147 2820 1283 2862; x_wconf 89' lang='lat' dir='ltr'>cum</span> <span class='ocrx_word' id='word_1_143' title='bbox 1316 2802 1605 2881; x_wconf 87' lang='lat' dir='ltr'>plasmate</span> <span class='ocrx_word' id='word_1_144' title='bbox 1632 2808 1841 2879; x_wconf 83' lang='lat' dir='ltr'>guttur</span> 
     </span>
     <span class='ocr_line' id='line_1_20' title="bbox 303 2878 1657 2958; baseline 0.001 -18"><span class='ocrx_word' id='word_1_145' title='bbox 303 2878 518 2942; x_wconf 87' lang='lat' dir='ltr'>Mobile</span> <span class='ocrx_word' id='word_1_146' title='bbox 545 2880 868 2955; x_wconf 80' lang='lat' dir='ltr'>conlueriS,</span> <span class='ocrx_word' id='word_1_147' title='bbox 902 2880 1160 2958; x_wconf 83' lang='lat' dir='ltr'>patranti</span> <span class='ocrx_word' id='word_1_148' title='bbox 1192 2881 1415 2942; x_wconf 83' lang='lat' dir='ltr'>fractus</span> <span class='ocrx_word' id='word_1_149' title='bbox 1444 2882 1657 2944; x_wconf 90' lang='lat' dir='ltr'>ocello.</span> 
     </span>
    </p>

    <p class='ocr_par' dir='ltr' id='par_1_5' title="bbox 299 2957 2234 3436">
     <span class='ocr_line' id='line_1_21' title="bbox 305 2957 1909 3039; baseline 0.001 -21"><span class='ocrx_word' id='word_1_150' title='bbox 305 2957 416 3021; x_wconf 88' lang='lat' dir='ltr'>Hic</span> <span class='ocrx_word' id='word_1_151' title='bbox 443 2978 635 3039; x_wconf 90' lang='lat' dir='ltr'>neque</span> <span class='ocrx_word' id='word_1_152' title='bbox 669 2976 833 3022; x_wconf 90' lang='lat' dir='ltr'>more</span> <span class='ocrx_word' id='word_1_153' title='bbox 865 2959 1047 3038; x_wconf 90' lang='lat' dir='ltr'>probo</span> <span class='ocrx_word' id='word_1_154' title='bbox 1078 2959 1276 3021; x_wconf 89' lang='lat' dir='ltr'>vldeas</span> <span class='ocrx_word' id='word_1_155' title='bbox 1307 2978 1503 3038; x_wconf 87' lang='lat' dir='ltr'>neque</span> <span class='ocrx_word' id='word_1_156' title='bbox 1534 2978 1671 3022; x_wconf 88' lang='lat' dir='ltr'>voce</span> <span class='ocrx_word' id='word_1_157' title='bbox 1700 2973 1909 3021; x_wconf 85' lang='lat' dir='ltr'>serena</span> 
     </span>
     <span class='ocr_line' id='line_1_22' title="bbox 303 3036 2234 3119; baseline 0 -20"><span class='ocrx_word' id='word_1_158' title='bbox 303 3037 579 3116; x_wconf 85' lang='lat' dir='ltr'>Ingentes</span> <span class='ocrx_word' id='word_1_159' title='bbox 608 3038 906 3119; x_wconf 85' lang='lat' dir='ltr'>trepidare</span> <span class='ocrx_word' id='word_1_160' title='bbox 933 3038 1120 3107; x_wconf 82' lang='lat' dir='ltr'>Titos,</span> <span class='ocrx_word' id='word_1_161' title='bbox 1152 3057 1287 3100; x_wconf 91' lang='lat' dir='ltr'>cum</span> <span class='ocrx_word' id='word_1_162' title='bbox 1318 3038 1586 3100; x_wconf 86' lang='lat' dir='ltr'>carmina</span> <span class='ocrx_word' id='word_1_163' title='bbox 1618 3037 1888 3099; x_wconf 88' lang='lat' dir='ltr'>lumbum</span> <span class='ocrx_word' id='word_1_164' title='bbox 2179 3036 2234 3080; x_wconf 69' lang='lat'>2⁰</span> 
     </span>
     <span class='ocr_line' id='line_1_23' title="bbox 304 3116 1918 3197; baseline 0 -19"><span class='ocrx_word' id='word_1_165' title='bbox 304 3116 558 3194; x_wconf 79' lang='lat' dir='ltr'>latrant,</span> <span class='ocrx_word' id='word_1_166' title='bbox 589 3128 649 3181; x_wconf 84' lang='lat' dir='ltr'>et</span> <span class='ocrx_word' id='word_1_167' title='bbox 678 3118 933 3180; x_wconf 81' lang='lat' dir='ltr'>tremulo</span> <span class='ocrx_word' id='word_1_168' title='bbox 963 3118 1315 3197; x_wconf 85' lang='lat' dir='ltr'>scalpuntur</span> <span class='ocrx_word' id='word_1_169' title='bbox 1344 3116 1446 3178; x_wconf 90' lang='lat' dir='ltr'>ubi</span> <span class='ocrx_word' id='word_1_170' title='bbox 1476 3116 1690 3178; x_wconf 88' lang='lat' dir='ltr'>intima</span> <span class='ocrx_word' id='word_1_171' title='bbox 1723 3134 1918 3179; x_wconf 88' lang='lat' dir='ltr'>versu.</span> 
     </span>
     <span class='ocr_line' id='line_1_24' title="bbox 299 3194 1805 3274; baseline 0 -18"><span class='ocrx_word' id='word_1_172' title='bbox 299 3194 477 3269; x_wconf 83' lang='lat' dir='ltr'>Tun’,</span> <span class='ocrx_word' id='word_1_173' title='bbox 510 3198 728 3270; x_wconf 84' lang='lat' dir='ltr'>vetule,</span> <span class='ocrx_word' id='word_1_174' title='bbox 761 3197 1052 3258; x_wconf 89' lang='lat' dir='ltr'>auriculis</span> <span class='ocrx_word' id='word_1_175' title='bbox 1081 3196 1294 3257; x_wconf 89' lang='lat' dir='ltr'>alienis</span> <span class='ocrx_word' id='word_1_176' title='bbox 1323 3196 1559 3274; x_wconf 89' lang='lat' dir='ltr'>colligis</span> <span class='ocrx_word' id='word_1_177' title='bbox 1586 3215 1750 3259; x_wconf 89' lang='lat' dir='ltr'>escas</span> <span class='ocrx_word' id='word_1_178' title='bbox 1773 3196 1805 3256; x_wconf 75' lang='lat' dir='ltr'>‘I</span> 
     </span>
     <span class='ocr_line' id='line_1_25' title="bbox 306 3275 1903 3362; baseline -0.001 -26"><span class='ocrx_word' id='word_1_179' title='bbox 306 3276 633 3343; x_wconf 78' lang='lat' dir='ltr'>Auriculis,</span> <span class='ocrx_word' id='word_1_180' title='bbox 665 3276 882 3355; x_wconf 86' lang='lat' dir='ltr'>quibus</span> <span class='ocrx_word' id='word_1_181' title='bbox 914 3284 972 3335; x_wconf 86' lang='lat' dir='ltr'>et</span> <span class='ocrx_word' id='word_1_182' title='bbox 998 3276 1162 3337; x_wconf 88' lang='lat' dir='ltr'>dicas</span> <span class='ocrx_word' id='word_1_183' title='bbox 1192 3286 1324 3339; x_wconf 84' lang='lat' dir='ltr'>cute</span> <span class='ocrx_word' id='word_1_184' title='bbox 1356 3277 1625 3355; x_wconf 79' lang='lat' dir='ltr'>perditus</span> <span class='ocrx_word' id='word_1_185' title='bbox 1652 3296 1665 3336; x_wconf 74' lang='grc' dir='ltr'><strong>ε</strong></span> <span class='ocrx_word' id='word_1_186' title='bbox 1700 3276 1812 3337; x_wconf 87' lang='lat' dir='ltr'>ohe</span> <span class='ocrx_word' id='word_1_187' title='bbox 1837 3275 1903 3362; x_wconf 31' lang='grc' dir='ltr'>*ΡΧ</span> 
     </span>
     <span class='ocr_line' id='line_1_26' title="bbox 391 3353 2228 3436; baseline -0.001 -21"><span class='ocrx_word' id='word_1_188' title='bbox 391 3375 420 3415; x_wconf 74' lang='lat' dir='ltr'>ox</span> <span class='ocrx_word' id='word_1_189' title='bbox 444 3353 572 3427; x_wconf 89' lang='lat' dir='ltr'>Quo</span> <span class='ocrx_word' id='word_1_190' title='bbox 599 3355 898 3430; x_wconf 86' lang='lat' dir='ltr'>didicisse,</span> <span class='ocrx_word' id='word_1_191' title='bbox 931 3356 1048 3417; x_wconf 89' lang='lat' dir='ltr'>nisi</span> <span class='ocrx_word' id='word_1_192' title='bbox 1079 3355 1191 3417; x_wconf 85' lang='lat' dir='ltr'>hoc</span> <span class='ocrx_word' id='word_1_193' title='bbox 1215 3356 1573 3421; x_wconf 84' lang='lat' dir='ltr'>fermentum</span> <span class='ocrx_word' id='word_1_194' title='bbox 1599 3364 1657 3419; x_wconf 85' lang='lat' dir='ltr'>et</span> <span class='ocrx_word' id='word_1_195' title='bbox 1680 3374 1834 3436; x_wconf 88' lang='lat' dir='ltr'>quae</span> <span class='ocrx_word' id='word_1_196' title='bbox 1855 3354 2039 3417; x_wconf 86' lang='lat' dir='ltr'>semel</span> <span class='ocrx_word' id='word_1_197' title='bbox 2064 3353 2228 3415; x_wconf 88' lang='lat' dir='ltr'>intus</span> 
     </span>
    </p>
   </div>
  </div>
 </body>
</html>
