2776 4077
513 181 550 242 6
792 204 795 211 ⁴
1194 197 1254 241 A.
1304 197 1499 242 pnnsn
1544 197 1751 242 ancer
1833 163 1837 166 Α

508 277 717 339 lunata
753 288 858 349 est,
896 285 1073 358 rupto
1102 277 1301 340 iecore
1331 277 1545 339 exierit
1575 279 1893 356 caprificus
1918 277 1949 337 ‘2
1979 295 2008 335 ι)
2392 277 2450 323 2⁵

509 356 594 417 En
626 358 818 436 pallor
847 359 1205 437 seniumque
1232 358 1246 418 l
1279 355 1326 420 Ο
1359 375 1552 419 mores
1580 359 1593 418 l
1629 372 1816 435 usque
1847 358 2073 419 adeone
2447 382 2452 391 ⁴

509 435 680 498 Scire
711 446 882 498 tuum
913 436 1062 499 nihil
1096 445 1208 511 est,
1242 437 1360 498 nisi
1393 445 1448 498 te
1477 435 1633 498 scire
1666 436 1776 497 hoc
1806 435 1957 498 sciat
1984 436 2138 497 alter
2153 437 2193 505 f?
2273 506 2278 507 ff

596 535 626 574 t(
652 516 724 575 At
755 516 1030 596 pulcrum
1065 524 1154 578 est
1181 517 1369 594 digito
1402 515 1746 590 monstrari,
1780 523 1839 576 et
1867 515 2098 577 dicier:
2136 516 2243 578 Hic
2271 519 2400 583 est!

510 592 655 655 Ten’
686 596 1046 657 cirratorum
1077 605 1318 658 centum
1346 594 1567 656 dictata
1602 594 1783 655 luisse

515 673 628 736 Pro
658 673 852 735 nihilo
882 675 1104 754 pendas
1128 674 1159 734 ἱ)
1183 693 1213 733 »
1247 674 1396 735 Ecce
1425 674 1583 734 inter
1614 673 1822 752 pocula
1855 681 2154 751 quaerunt
2389 673 2450 717 ³0

515 751 872 815 Romulidae
898 755 1105 822 saturi,
1143 753 1287 833 quid
1316 752 1413 813 dia
1446 758 1715 830 poemata
1748 763 2015 815 narrent.

514 830 624 893 Hic
651 832 893 911 aliquis,
925 833 1023 894 cui
1054 833 1280 894 circum
1314 833 1596 892 humeros
1631 831 2013 912 hyacinthina
2047 832 2217 896 laena
2250 841 2368 904 estf

518 910 918 974 Rancidulum
951 909 1232 991 quiddam
1267 909 1438 971 balba
1470 911 1542 972 de
1574 928 1717 971 nare
1746 911 2003 980 locutus,

515 990 843 1070 Phyllidas,
874 990 1249 1071 Hypsipylas‚
1282 999 1479 1050 vatum
1513 998 1571 1051 et
1602 988 1896 1068 plorabile
1925 991 1975 1052 si
2007 992 2175 1071 quid,

517 1067 780 1148 Eliquat‚
813 1078 871 1131 et
900 1078 1105 1132 tenero
1133 1069 1482 1149 supplantat
1510 1068 1683 1131 verba
1730 1069 1951 1148 palato.
2394 1072 2447 1114 35

517 1149 838 1211 Assensere
866 1149 981 1210 viri
1009 1170 1022 1209 :
1057 1167 1218 1210 nunc
1247 1166 1368 1210 non
1398 1148 1551 1210 cinis
1581 1147 1685 1210 ille
1717 1155 1923 1226 po'e’tae

519 1226 687 1288 Felix
711 1229 742 1288 ‘3
772 1247 892 1291 non
925 1229 1111 1290 levior
1137 1227 1349 1306 cippus
1378 1246 1540 1288 nunc
1569 1226 1868 1307 imprimit
1894 1246 2021 1290 ossa
2050 1229 2082 1288 ⁶?

414 1324 417 1327 “
520 1305 790 1368 Laudant
815 1307 1100 1369 convivae
1127 1327 1141 1367 t
1177 1325 1339 1368 nunc
1368 1324 1488 1368 non
1519 1327 1550 1368 e
1581 1307 2033 1383 manibus-iim,

522 1385 691 1447 Nunc
720 1403 839 1448 non
868 1406 902 1448 e
933 1387 1167 1449 tumulo
1197 1386 1622 1464 fortunataque
1652 1386 1851 1447 favilla

521 1461 854 1527 Nascentur
881 1465 1072 1541 violae
1096 1465 1127 1524 ‘2
1157 1465 1358 1539 Rides,
1392 1465 1498 1539 ait,
1532 1475 1591 1527 et
1619 1465 1801 1526 nimis
1832 1467 2004 1527 uncis
2402 1467 2457 1510 4⁰

522 1540 778 1605 Naribus
808 1545 1106 1622 indulgeS.
1138 1544 1229 1605 An
1259 1544 1397 1614 erit,
1431 1543 1534 1622 qui
1566 1544 1715 1606 velle
1744 1553 1981 1606 recuset

524 1618 600 1683 Os
631 1624 837 1703 populi
869 1625 1160 1686 meruisse
1185 1624 1216 1683 ‘2
1247 1632 1321 1692 et,
1357 1623 1537 1686 cedro
1566 1623 1742 1701 digna
1773 1623 2032 1697 locutus,

526 1700 823 1781 Linquere
851 1721 961 1765 nec
991 1703 1297 1764 scombros
1330 1703 1653 1764 metuentia
1679 1703 1973 1774 carmina,
2002 1722 2113 1765 nec
2145 1703 2282 1767 thus
2305 1703 2336 1764 ‘2
2437 1728 2440 1731 ¹

527 1779 809 1862 Quisquis
837 1802 922 1855 es,
956 1799 990 1844 o
1023 1782 1196 1852 modo
1227 1799 1405 1861 quem
1437 1801 1509 1844 ex
1538 1783 1786 1845 adverso
1813 1783 2013 1844 dicere
2042 1783 2180 1860 feci,

527 1859 657 1922 Non
687 1879 820 1939 ego,
853 1880 987 1922 cum
1020 1860 1241 1934 scribo,
1273 1862 1323 1922 si
1354 1861 1508 1926 forte
1537 1860 1681 1942 quid
1711 1861 1909 1939 aptius
1940 1862 2082 1936 exit,
2174 1914 2188 1932 s
2405 1862 2459 1904 ⁴⁵

526 1938 772 2012 Quando
803 1941 949 2003 haec
978 1957 1110 2000 rara
1141 1940 1264 2008 avis
1291 1948 1403 2016 est,
1435 1941 1486 2001 si
1517 1941 1658 2019 quid
1691 1948 1889 2002 tamen
1920 1942 2118 2020 aptius
2146 1941 2290 2018 exit,

528 2018 783 2081 Laudari
816 2026 1075 2082 metuam
1107 2040 1121 2079 t
1153 2037 1349 2099 neque
1379 2019 1539 2082 enim
1572 2019 1721 2082 mihi
1751 2036 1967 2084 cornea
2001 2020 2146 2083 fibra
2180 2029 2311 2084 est:

529 2098 642 2160 Sed
689 2100 835 2161 recti
881 2101 1183 2178 finemque
1225 2108 1682 2179 extremumque
1726 2119 1857 2162 esse
1898 2118 2133 2164 recuso.
2433 2138 2437 2142 <

614 2198 643 2237 ι(
671 2178 832 2255 Euge
858 2187 1065 2239 »tuum
1092 2187 1150 2241 et
1178 2177 1437 2241 «Bene»
1469 2178 1616 2240 Nam
1647 2178 1809 2240 Belle
1839 2180 1950 2241 hoc
1980 2189 2188 2241 excute
2222 2188 2409 2242 totum
2438 2201 2453 2241 ε

528 2256 677 2328 Quid
712 2276 831 2319 non
861 2260 1023 2319 intus
1053 2258 1233 2320 habet
1255 2258 1286 2318 ‘2
1315 2276 1438 2319 non
1469 2258 1565 2319 hic
1595 2268 1684 2320 est
1711 2258 1851 2319 Ilias
1878 2259 2018 2320 Acci
2379 2259 2459 2312 .5⁰

529 2335 704 2398 Ebria
736 2346 971 2400 veratro
996 2338 1026 2397 ‘2
1055 2354 1174 2400 non
1205 2337 1254 2398 si
1287 2356 1403 2416 qua
1435 2337 1685 2415 elegidia
1716 2337 1888 2398 crudi

531 2415 842 2477 Dictarunt
870 2434 1146 2496 proceres
1168 2416 1198 2475 ‘2
1230 2434 1346 2477 non
1376 2416 1666 2496 quidquid
1695 2416 1955 2495 denique
1983 2416 2152 2479 lectis

530 2494 827 2557 Scribitur
853 2496 915 2556 in
946 2496 1151 2557 citreis
1172 2495 1203 2554 ‘?
1231 2494 1500 2557 Calidum
1532 2497 1649 2558 scis
1679 2512 1902 2575 ponere
1930 2515 2142 2559 sumen
2172 2517 2185 2557 :

530 2573 657 2635 Scis
686 2575 961 2636 comitem
993 2575 1372 2637 horridulum
1406 2576 1543 2635 trita
1574 2577 1800 2638 donare
1832 2576 2066 2638 lacerna
2100 2597 2113 2637 :

531 2651 620 2725 Et,
654 2652 893 2728 Verum,
925 2654 1148 2732 inquiS,
1182 2671 1319 2716 amo
1349 2674 1363 2713 t
1399 2673 1602 2717 verum
1636 2655 1782 2715 mihi
1814 2656 1992 2718 dicite
2022 2658 2093 2718 de
2125 2674 2242 2730 me.
2406 2657 2460 2703 55

530 2731 648 2805 Qui
682 2740 816 2811 pote
840 2733 871 2792 ἱ)
899 2732 986 2793 vis
1014 2733 1206 2793 dicam
1235 2733 1266 2793 ⁶?
1295 2734 1562 2811 nugaris,
1597 2753 1731 2796 eum
1768 2734 1897 2807 tibi,
1931 2736 2116 2809 calve,
2229 2738 2234 2743 ’

530 2811 774 2888 Pinguis
804 2811 1181 2892 aqualiculus
1212 2830 1512 2892 propenso
1540 2814 1893 2906 sesquipede
1924 2822 2131 2875 exstet.

530 2890 576 2951 Ο
607 2890 784 2952 lane!
819 2908 850 2951 a
886 2900 1048 2969 tergo
1078 2893 1451 2971 quem'nulla
1485 2895 1711 2956 ciconia
1746 2894 1953 2973 pinsit,

530 2968 650 3032 Nec
680 2989 890 3030 manus
919 2970 1222 3032 auriculas
1251 2972 1479 3034 imitata
1511 2983 1600 3034 est
1628 2972 1867 3035 mobilis
1894 2973 2067 3044 altaS,

529 3046 650 3111 Nec
678 3050 939 3126 linguae,
972 3060 1261 3130 quantum
1290 3051 1458 3112 sitiat
1484 3054 1648 3114 canis
1687 3052 1946 3130 Appula,
1982 3058 2210 3110 tantum
2239 3049 2252 3107 l
2401 3046 2457 3090 ⁶⁰

528 3127 668 3204 VoS,
701 3147 736 3192 o
766 3129 1052 3221 patricius
1079 3131 1346 3208 sanguiS‚
1377 3150 1526 3210 quos
1555 3132 1750 3192 vivere
1782 3130 1868 3189 fas
1900 3139 1989 3189 est

532 3205 785 3287 Occipiu
815 3227 1014 3285 caeco,
1048 3212 1309 3290 posticae
1338 3213 1637 3272 occurrite
1664 3227 1913 3270 sannae.
2302 3280 2306 3284 .

613 3287 757 3359 Quis
788 3290 990 3368 populi
1021 3307 1218 3352 sermo
1247 3297 1338 3350 est
1367 3289 1398 3348 ‘2
1428 3290 1561 3367 quis
1590 3288 1749 3350 enim
1777 3288 1807 3346 ἱ)
1836 3287 1948 3347 nisi
1980 3286 2247 3348 carmina
2283 3286 2451 3349 molli

531 3364 704 3429 Nunc
730 3372 971 3430 demum
1004 3385 1259 3430 numero
1287 3369 1495 3441 fluere,
1532 3376 1595 3427 ut
1623 3384 1729 3446 per
1760 3366 1885 3428 leve
1916 3384 2153 3429 severos
