2776 4077
1033 237 1273 291 sarran..
1308 239 1398 287 ιιι.
2152 225 2228 286 111

291 323 610 384 Poscentes
652 319 857 392 videas⁴
891 338 906 380 ε
953 318 1215 381 venienti
1262 318 1560 381 occurrite
1599 318 1835 381 morbo.

293 401 367 464 Et
409 402 559 479 quid.
595 419 744 480 opus
782 401 1033 463 Cratero
1062 414 1322 475 magnos
1366 397 1719 477 promittere
1763 399 2058 462 montes?
2171 401 2234 443 ⁶⁵

293 481 538 554 Discite,
583 480 667 548 io,
715 477 944 552 miseri,
986 485 1048 540 et
1090 494 1298 539 causas
1341 480 1681 555 cognoscite
1722 496 1925 541 rerum
1959 480 1975 540 i

291 560 443 633 Quid
485 577 717 634 sumuS,
763 566 822 619 et
863 557 1150 637 quidnam
1193 557 1409 617 victuri
1453 556 1761 634 gignimur
1796 577 1809 616 ε
1855 558 2004 621 ordo

291 640 436 713 Quis
478 639 675 713 datm,
719 645 825 699 aut
869 645 1060 697 metae
1103 653 1282 714 quam
1331 635 1529 697 mollis
1573 637 1785 710 flexuS,
1831 647 1892 700 et
1922 638 2124 703 unde-z

293 718 437 791 Quis
487 716 694 780 modus
735 723 1023 792 argento:
1073 714 1214 794 quid
1259 715 1347 777 fas
1391 724 1639 793 optare:
1686 716 1829 795 quid
1872 735 2053 797 asper

293 797 451 859 Utile
494 814 776 859 nummus
819 794 1038 856 habet:
1086 793 1316 873 patriae
1357 794 1633 871 carisque
1675 796 2033 877 propinquis
2168 797 2228 839 ⁷⁰

295 876 592 949 Quantum
637 873 883 951 elargiri
925 874 1172 935 deceat:
1220 890 1397 952 quem
1445 881 1501 935 te
1542 873 1695 939 Deus
1736 893 1866 938 esse

296 956 499 1028 lussit,
545 961 604 1015 et
646 955 905 1015 humana
953 971 1068 1030 qua
1115 962 1284 1031 parte
1328 952 1557 1015 locatus
1598 971 1662 1015 es
1704 954 1768 1014 in
1810 971 1919 1031 re;

295 1034 513 1096 Disce:
561 1052 670 1094 nec
713 1032 1005 1100 invideas,
1052 1032 1208 1109 quod
1255 1031 1443 1093 multa
1490 1031 1688 1094 fidelia
1736 1040 1907 1112 putet

296 1113 360 1174 ln
407 1113 701 1192 locuplete
746 1130 927 1190 penu,
972 1111 1234 1172 defensis
1279 1110 1602 1189 pinguibus
1641 1111 1907 1190 Umbris,

198 1252 203 1256 ,
298 1193 368 1255 Et
411 1193 599 1273 piper,
644 1201 703 1254 et
745 1208 988 1272 pernae,
1035 1189 1212 1250 Marsi
1255 1192 1621 1252 monimenta
1666 1191 1930 1270 clientiS,
2174 1193 2234 1233 '¹⁵‘

296 1271 622 1352 Maenaque
663 1271 817 1350 quod
862 1272 1053 1350 prima
1100 1269 1366 1331 nondum
1410 1270 1698 1332 defecerit
1739 1289 1902 1334 orca.
1987 1292 1989 1295 ·

381 1351 487 1413 Hic
531 1351 751 1428 aliquis
793 1350 868 1411 de
910 1357 1085 1426 gente
1127 1349 1360 1410 hircosa
1408 1349 1828 1413 centurionum

299 1430 499 1492 Dicat:
545 1429 708 1502 Quod
754 1431 899 1489 satis
943 1438 1054 1502 est,
1098 1429 1266 1507 sapio
1311 1427 1503 1490 mihi:
1552 1446 1670 1490 non
1714 1447 1825 1508 ego
1866 1448 2014 1493 curo

297 1508 462 1577 Esse,
509 1509 664 1587 quod
707 1507 1005 1571 Arcesilas
1047 1509 1512 1586 aerumnosique
1553 1506 1827 1587 SoloneS,

298 1586 543 1666 Obstipo
585 1588 804 1666 capite,
850 1596 908 1648 et
950 1588 1197 1663 figentes
1239 1587 1469 1648 lumine
1514 1594 1760 1665 terram,
2175 1589 2234 1633 8⁰

295 1666 602 1729 Murmura
647 1685 780 1728 cum
826 1685 1027 1728 secum
1073 1674 1131 1728 et
1172 1666 1407 1727 rabiosa
1452 1665 1689 1727 silentia
1735 1667 1982 1745 rodunt,

299 1747 493 1826 Atque
535 1752 884 1822 exporrecto
929 1743 1299 1805 trutinantur
1341 1745 1522 1807 verba
1562 1744 1806 1823 labello,

301 1824 543 1902 Aegroti
586 1823 806 1887 vete-ris
848 1823 1201 1884 meditantes
1243 1825 1499 1897 somnia,
1544 1824 1709 1903 gigni

301 1903 383 1965 De
426 1903 616 1965 nihilo
657 1902 834 1978 nihil,
880 1902 942 1963 in
985 1902 1242 1963 nihilum
1288 1903 1372 1964 nil
1419 1920 1590 1983 posse
1632 1904 1875 1967 reverti.
1991 1928 1994 1931 ·
2284 1929 2318 1941 ‘

302 1982 428 2045 Hoc
458 1990 569 2053 est,
601 1983 758 2063 quod
790 1982 978 2063 palles
1001 1981 1033 2042 ⁶?
1061 2000 1170 2046 cur
1197 1982 1333 2062 quis
1362 2001 1480 2046 non
1514 1985 1824 2064 prandeat,
1851 1984 1964 2052 hoc
1986 1992 2074 2048 est
2096 1985 2128 2047 ‘2
2174 1984 2232 2027 8⁵
2304 2053 2307 2057 Α

308 2060 417 2122 His
463 2064 717 2141 populus
757 2062 952 2124 ridet:
1001 2063 1382 2142 multumque
1425 2072 1621 2126 torosa
1666 2065 1948 2127 iuventus

307 2139 644 2216 Ingeminat
685 2142 974 2203 tremulos
1016 2159 1162 2203 naso
1202 2142 1505 2221 crispante
1548 2143 1895 2206 cachinnos.

387 2219 662 2297 inspice:
710 2221 915 2282 nescio
957 2221 1099 2299 quid
1146 2232 1236 2283 tre
1283 2222 1409 2282 idat
1451 2223 1602 2283 mihi
1645 2231 1877 2301 pectus,
1922 2231 1981 2287 et
2030 2224 2232 2301 aegris

304 2298 603 2361 Faucibus
644 2309 962 2378 exsuperat
1002 2302 1199 2377 gravis
1284 2302 1506 2362 alitus:
1554 2302 1799 2381 inspice,
1848 2304 2044 2374 sodeS,

301 2377 412 2451 Qui
456 2378 601 2440 dicit
645 2379 896 2452 medico,
942 2379 1142 2442 iussus
1184 2382 1588 2460 requiescere,
1636 2391 1949 2462 postquam
2176 2380 2235 2426 9⁰

298 2457 496 2519 Tertia
539 2459 900 2537 compositas
941 2459 1089 2519 vidit
1129 2478 1244 2522 nox
1288 2478 1534 2523 currere
1578 2479 1779 2538 venaS‚

301 2537 382 2599 De
427 2536 651 2600 maiore
692 2537 872 2599 domo
916 2538 1146 2600 modice
1187 2539 1429 2601 sitiente
1473 2539 1707 2617 lagena,

302 2616 482 2678 Lenia
527 2616 724 2678 loturo
765 2616 881 2677 sibi
923 2616 1278 2678 Surrentina
1325 2619 1577 2696 rogavit.

303 2695 480 2765 Heus,
519 2695 693 2767 bone,
727 2705 792 2757 tu
821 2696 1029 2775 palles.
1069 2716 1098 2756 «
1129 2695 1289 2758 Nihil
1320 2708 1431 2759 est.
1466 2716 1495 2757 ))
1528 2698 1742 2760 Videas
1772 2706 1972 2760 tamen
2000 2698 2183 2768 istud,

300 2774 593 2855 Quicquid
636 2775 696 2836 id
741 2782 871 2838 est:
918 2777 1111 2853 surgit
1154 2777 1328 2840 tacite
1371 2777 1480 2838 tibi
1515 2777 1683 2839 ,lutea
1727 2778 1925 2857 pellis.
2174 2778 2231 2819 95

385 2855 514 2916 «At
555 2863 616 2914 tu
661 2854 925 2917 deterius
969 2854 1202 2932 palles:
1252 2875 1325 2919 ne
1367 2857 1450 2917 sis
1496 2858 1643 2918 mihi
1691 2866 1849 2919 tutor
1883 2877 1897 2917 :

301 2932 422 2994 lam
469 2933 696 3012 pridem
743 2934 903 2996 bunc
942 2935 1171 3013 sepeli:
1220 2944 1283 2996 tu
1313 2944 1524 2997 restas,
1553 2955 1583 2995 ›>
1634 2936 1841 3013 Perge,
1889 2934 2116 2998 tacebo.

299 3011 595 3090 Turgidus
635 3011 734 3074 hic
774 3012 985 3091 epuliS,
1033 3023 1211 3092 atque
1253 3013 1388 3075 albo
1431 3024 1660 3084 ventre,
1704 3014 1960 3091 lavatur,

300 3090 552 3153 Gutture
594 3092 890 3153 sulfureas
935 3091 1091 3152 lente
1134 3092 1448 3154 exhalante
1492 3092 1821 3172 mephites:

300 3168 412 3233 Sed
458 3179 681 3233 tremor
722 3170 882 3233 inter
923 3171 1055 3229 vina
1100 3170 1284 3246 subit,
1329 3172 1714 3252 calidumque
1758 3173 1999 3236 triental
2151 3173 2242 3217 ¹⁰0*

302 3248 538 3312 Excutit
581 3270 612 3311 e
657 3249 973 3311 manibus:
1022 3250 1229 3312 dentes
1272 3268 1561 3330 crepuere
1603 3253 1815 3315 retecti
1850 3274 1864 3315 :

302 3327 489 3391 Uncta
536 3329 754 3389 cadunt
798 3330 945 3390 laxis
980 3336 1132 3392 tunc
1175 3330 1575 3409 pulmentaria
1621 3331 1827 3394 labris,

303 3406 453 3470 Hinc
496 3407 659 3484 tuba,
705 3409 1030 3471 candelae:
1079 3411 1441 3491 tandemque
1483 3410 1759 3475 beatulus
1800 3411 1922 3474 alto
