<?xml version="1.0" encoding="UTF-8"?>
<!DOCTYPE html PUBLIC "-//W3C//DTD XHTML 1.0 Transitional//EN"
    "http://www.w3.org/TR/xhtml1/DTD/xhtml1-transitional.dtd">
<html xmlns="http://www.w3.org/1999/xhtml" xml:lang="en" lang="en">
 <head>
  <title>
</title>
<meta http-equiv="Content-Type" content="text/html;charset=utf-8" />
  <meta name='ocr-system' content='tesseract 3.04.00' />
  <meta name='ocr-capabilities' content='ocr_page ocr_carea ocr_par ocr_line ocrx_word'/>
</head>
<body>
  <div class='ocr_page' id='page_1' title='image "apersiiflaccisa03persgoog_0015.png"; bbox 0 0 2776 4077; ppageno 0'>
   <div class='ocr_carea' id='block_1_1' title="bbox 871 598 1656 663">
    <p class='ocr_par' dir='ltr' id='par_1_1' title="bbox 871 598 1656 663">
     <span class='ocr_line' id='line_1_1' title="bbox 871 598 1656 663; baseline 0.003 -2"><span class='ocrx_word' id='word_1_1' title='bbox 871 598 1420 662; x_wconf 79' lang='lat' dir='ltr'><strong>SATYRA</strong></span> <span class='ocrx_word' id='word_1_2' title='bbox 1478 600 1656 663; x_wconf 88' lang='lat'>111.</span> 
     </span>
    </p>
   </div>
   <div class='ocr_carea' id='block_1_2' title="bbox 244 1675 2226 3500">
    <p class='ocr_par' dir='ltr' id='par_1_2' title="bbox 244 1675 2084 1836">
     <span class='ocr_line' id='line_1_2' title="bbox 364 1675 2084 1761; baseline -0.002 -19"><span class='ocrx_word' id='word_1_3' title='bbox 364 1681 587 1761; x_wconf 86' lang='lat' dir='ltr'>Nempe</span> <span class='ocrx_word' id='word_1_4' title='bbox 628 1680 740 1742; x_wconf 88' lang='lat' dir='ltr'>hoc</span> <span class='ocrx_word' id='word_1_5' title='bbox 782 1678 1028 1740; x_wconf 80' lang='lat' dir='ltr'>adsidue</span> <span class='ocrx_word' id='word_1_6' title='bbox 1059 1677 1091 1737; x_wconf 79' lang='lat'>⁶?</span> <span class='ocrx_word' id='word_1_7' title='bbox 1134 1675 1254 1737; x_wconf 88' lang='lat' dir='ltr'>iam</span> <span class='ocrx_word' id='word_1_8' title='bbox 1298 1676 1530 1739; x_wconf 87' lang='lat' dir='ltr'>clarum</span> <span class='ocrx_word' id='word_1_9' title='bbox 1575 1694 1747 1738; x_wconf 90' lang='lat' dir='ltr'>mane</span> <span class='ocrx_word' id='word_1_10' title='bbox 1791 1676 2084 1738; x_wconf 79' lang='lat' dir='ltr'><strong>fenestras</strong></span> 
     </span>
     <span class='ocr_line' id='line_1_3' title="bbox 244 1755 1754 1836; baseline -0.005 -14"><span class='ocrx_word' id='word_1_11' title='bbox 244 1776 251 1781; x_wconf 83' lang='lat'><strong>·</strong></span> <span class='ocrx_word' id='word_1_12' title='bbox 288 1760 499 1836; x_wconf 87' lang='lat' dir='ltr'>Intrat,</span> <span class='ocrx_word' id='word_1_13' title='bbox 545 1768 603 1822; x_wconf 87' lang='lat' dir='ltr'>et</span> <span class='ocrx_word' id='word_1_14' title='bbox 643 1766 925 1835; x_wconf 84' lang='lat' dir='ltr'>angustas</span> <span class='ocrx_word' id='word_1_15' title='bbox 968 1756 1233 1819; x_wconf 87' lang='lat' dir='ltr'>extendit</span> <span class='ocrx_word' id='word_1_16' title='bbox 1275 1755 1504 1817; x_wconf 89' lang='lat' dir='ltr'>lumine</span> <span class='ocrx_word' id='word_1_17' title='bbox 1549 1755 1754 1816; x_wconf 89' lang='lat' dir='ltr'>rimas.</span> 
     </span>
    </p>

    <p class='ocr_par' dir='ltr' id='par_1_3' title="bbox 283 1833 2002 1997">
     <span class='ocr_line' id='line_1_4' title="bbox 284 1833 2002 1916; baseline -0.004 -15"><span class='ocrx_word' id='word_1_18' title='bbox 284 1838 630 1913; x_wconf 81' lang='lat' dir='ltr'>StertimuS‚</span> <span class='ocrx_word' id='word_1_19' title='bbox 676 1837 1031 1899; x_wconf 89' lang='lat' dir='ltr'>indomitum</span> <span class='ocrx_word' id='word_1_20' title='bbox 1078 1836 1235 1916; x_wconf 84' lang='lat' dir='ltr'>quod</span> <span class='ocrx_word' id='word_1_21' title='bbox 1280 1836 1638 1914; x_wconf 81' lang='lat' dir='ltr'>despumare</span> <span class='ocrx_word' id='word_1_22' title='bbox 1681 1833 2002 1896; x_wconf 82' lang='lat' dir='ltr'>Falernum</span> 
     </span>
     <span class='ocr_line' id='line_1_5' title="bbox 283 1912 1813 1997; baseline -0.005 -16"><span class='ocrx_word' id='word_1_23' title='bbox 283 1917 574 1992; x_wconf 84' lang='lat' dir='ltr'>Sufficiat,</span> <span class='ocrx_word' id='word_1_24' title='bbox 619 1917 825 1997; x_wconf 89' lang='lat' dir='ltr'>quinta</span> <span class='ocrx_word' id='word_1_25' title='bbox 871 1916 1013 1976; x_wconf 91' lang='lat' dir='ltr'>dum</span> <span class='ocrx_word' id='word_1_26' title='bbox 1059 1916 1216 1978; x_wconf 87' lang='lat' dir='ltr'>linea</span> <span class='ocrx_word' id='word_1_27' title='bbox 1264 1916 1532 1993; x_wconf 77' lang='lat' dir='ltr'>tangitur</span> <span class='ocrx_word' id='word_1_28' title='bbox 1574 1912 1813 1975; x_wconf 89' lang='lat' dir='ltr'>umbra.</span> 
     </span>
    </p>

    <p class='ocr_par' dir='ltr' id='par_1_4' title="bbox 284 1992 2226 2375">
     <span class='ocr_line' id='line_1_6' title="bbox 284 1992 2226 2077; baseline -0.002 -18"><span class='ocrx_word' id='word_1_29' title='bbox 284 1996 377 2059; x_wconf 90' lang='lat' dir='ltr'>En</span> <span class='ocrx_word' id='word_1_30' title='bbox 419 1997 563 2077; x_wconf 91' lang='lat' dir='ltr'>quid</span> <span class='ocrx_word' id='word_1_31' title='bbox 605 1997 731 2074; x_wconf 86' lang='lat' dir='ltr'>agis</span> <span class='ocrx_word' id='word_1_32' title='bbox 767 1995 795 2055; x_wconf 62' lang='grc' dir='ltr'>ἶ)</span> <span class='ocrx_word' id='word_1_33' title='bbox 836 1995 1023 2058; x_wconf 90' lang='lat' dir='ltr'>siccas</span> <span class='ocrx_word' id='word_1_34' title='bbox 1063 1995 1274 2057; x_wconf 87' lang='lat' dir='ltr'>insana</span> <span class='ocrx_word' id='word_1_35' title='bbox 1318 1993 1601 2058; x_wconf 75' lang='lat' dir='ltr'>Canicula</span> <span class='ocrx_word' id='word_1_36' title='bbox 1647 2011 1868 2058; x_wconf 90' lang='lat' dir='ltr'>messes</span> <span class='ocrx_word' id='word_1_37' title='bbox 2196 1992 2226 2032; x_wconf 82' lang='lat'>⁵</span> 
     </span>
     <span class='ocr_line' id='line_1_7' title="bbox 285 2074 2177 2154; baseline -0.002 -16"><span class='ocrx_word' id='word_1_38' title='bbox 285 2076 412 2138; x_wconf 86' lang='lat' dir='ltr'>lam</span> <span class='ocrx_word' id='word_1_39' title='bbox 440 2076 666 2138; x_wconf 90' lang='lat' dir='ltr'>dudum</span> <span class='ocrx_word' id='word_1_40' title='bbox 698 2075 924 2154; x_wconf 84' lang='lat' dir='ltr'>coquit,</span> <span class='ocrx_word' id='word_1_41' title='bbox 956 2084 1012 2136; x_wconf 86' lang='lat' dir='ltr'>et</span> <span class='ocrx_word' id='word_1_42' title='bbox 1044 2076 1242 2151; x_wconf 85' lang='lat' dir='ltr'>patula</span> <span class='ocrx_word' id='word_1_43' title='bbox 1289 2093 1472 2153; x_wconf 89' lang='lat' dir='ltr'>pecus</span> <span class='ocrx_word' id='word_1_44' title='bbox 1501 2093 1678 2137; x_wconf 89' lang='lat' dir='ltr'>omne</span> <span class='ocrx_word' id='word_1_45' title='bbox 1708 2079 1820 2135; x_wconf 85' lang='lat' dir='ltr'>sub</span> <span class='ocrx_word' id='word_1_46' title='bbox 1850 2074 2015 2135; x_wconf 89' lang='lat' dir='ltr'>ulmo</span> <span class='ocrx_word' id='word_1_47' title='bbox 2046 2080 2177 2149; x_wconf 84' lang='lat' dir='ltr'>est3</span> 
     </span>
     <span class='ocr_line' id='line_1_8' title="bbox 289 2152 2079 2217; baseline -0.001 0"><span class='ocrx_word' id='word_1_48' title='bbox 289 2155 452 2217; x_wconf 89' lang='lat' dir='ltr'>Unus</span> <span class='ocrx_word' id='word_1_49' title='bbox 487 2156 581 2216; x_wconf 84' lang='lat' dir='ltr'>ait</span> <span class='ocrx_word' id='word_1_50' title='bbox 619 2152 932 2216; x_wconf 88' lang='lat' dir='ltr'>comitum.</span> <span class='ocrx_word' id='word_1_51' title='bbox 983 2173 1012 2212; x_wconf 82' lang='lat'>&lt;‹</span> <span class='ocrx_word' id='word_1_52' title='bbox 1040 2153 1342 2216; x_wconf 86' lang='lat' dir='ltr'>Verumne</span> <span class='ocrx_word' id='word_1_53' title='bbox 1374 2154 1406 2213; x_wconf 73' lang='lat'>‘2</span> <span class='ocrx_word' id='word_1_54' title='bbox 1449 2155 1611 2215; x_wconf 88' lang='lat' dir='ltr'>itane</span> <span class='ocrx_word' id='word_1_55' title='bbox 1642 2154 1673 2213; x_wconf 79' lang='lat'>⁴?</span> <span class='ocrx_word' id='word_1_56' title='bbox 1715 2153 1882 2216; x_wconf 89' lang='lat' dir='ltr'>ocius</span> <span class='ocrx_word' id='word_1_57' title='bbox 1925 2153 2079 2215; x_wconf 87' lang='lat' dir='ltr'>adsit</span> 
     </span>
     <span class='ocr_line' id='line_1_9' title="bbox 284 2231 1946 2313; baseline -0.001 -19"><span class='ocrx_word' id='word_1_58' title='bbox 284 2234 417 2296; x_wconf 86' lang='lat' dir='ltr'>Huc</span> <span class='ocrx_word' id='word_1_59' title='bbox 459 2234 721 2313; x_wconf 79' lang='lat' dir='ltr'>aliquis!</span> <span class='ocrx_word' id='word_1_60' title='bbox 768 2232 1007 2295; x_wconf 92' lang='lat' dir='ltr'>nemon’</span> <span class='ocrx_word' id='word_1_61' title='bbox 1040 2233 1071 2292; x_wconf 80' lang='lat'>⁶?</span> <span class='ocrx_word' id='word_1_62' title='bbox 1103 2252 1131 2291; x_wconf 80' lang='lat'>»</span> <span class='ocrx_word' id='word_1_63' title='bbox 1178 2232 1488 2311; x_wconf 83' lang='lat' dir='ltr'>Turgeseit</span> <span class='ocrx_word' id='word_1_64' title='bbox 1531 2234 1714 2293; x_wconf 86' lang='lat' dir='ltr'>vitrea</span> <span class='ocrx_word' id='word_1_65' title='bbox 1762 2231 1899 2294; x_wconf 89' lang='lat' dir='ltr'>bilis</span> <span class='ocrx_word' id='word_1_66' title='bbox 1933 2253 1946 2292; x_wconf 92' lang='lat'>:</span> 
     </span>
     <span class='ocr_line' id='line_1_10' title="bbox 285 2312 1805 2375; baseline -0.003 0"><span class='ocrx_word' id='word_1_67' title='bbox 285 2312 608 2375; x_wconf 86' lang='lat' dir='ltr'>Finditur:</span> <span class='ocrx_word' id='word_1_68' title='bbox 655 2312 945 2374; x_wconf 81' lang='lat' dir='ltr'>Arcadiae</span> <span class='ocrx_word' id='word_1_69' title='bbox 1030 2313 1265 2374; x_wconf 90' lang='lat' dir='ltr'>ecuaria</span> <span class='ocrx_word' id='word_1_70' title='bbox 1314 2313 1532 2373; x_wconf 86' lang='lat' dir='ltr'>rudere</span> <span class='ocrx_word' id='word_1_71' title='bbox 1574 2312 1805 2373; x_wconf 80' lang='lat' dir='ltr'>credas.</span> 
     </span>
    </p>

    <p class='ocr_par' dir='ltr' id='par_1_5' title="bbox 284 2389 2218 2710">
     <span class='ocr_line' id='line_1_11' title="bbox 364 2389 2218 2472; baseline -0.001 -18"><span class='ocrx_word' id='word_1_72' title='bbox 364 2392 485 2454; x_wconf 90' lang='lat' dir='ltr'>lam</span> <span class='ocrx_word' id='word_1_73' title='bbox 530 2391 708 2469; x_wconf 86' lang='lat' dir='ltr'>liber,</span> <span class='ocrx_word' id='word_1_74' title='bbox 752 2399 811 2455; x_wconf 89' lang='lat' dir='ltr'>et</span> <span class='ocrx_word' id='word_1_75' title='bbox 853 2391 983 2454; x_wconf 90' lang='lat' dir='ltr'>bico</span> <span class='ocrx_word' id='word_1_76' title='bbox 1013 2410 1081 2453; x_wconf 91' lang='lat' dir='ltr'>or</span> <span class='ocrx_word' id='word_1_77' title='bbox 1125 2392 1335 2472; x_wconf 89' lang='lat' dir='ltr'>positis</span> <span class='ocrx_word' id='word_1_78' title='bbox 1381 2391 1727 2453; x_wconf 81' lang='lat' dir='ltr'>membrana</span> <span class='ocrx_word' id='word_1_79' title='bbox 1776 2390 2035 2469; x_wconf 78' lang='lat' dir='ltr'>capilliS,</span> <span class='ocrx_word' id='word_1_80' title='bbox 2165 2389 2218 2432; x_wconf 85' lang='lat'>¹⁰</span> 
     </span>
     <span class='ocr_line' id='line_1_12' title="bbox 284 2470 2206 2552; baseline -0.001 -20"><span class='ocrx_word' id='word_1_81' title='bbox 284 2471 488 2552; x_wconf 68' lang='lat' dir='ltr'>Inque⁴</span> <span class='ocrx_word' id='word_1_82' title='bbox 516 2489 729 2533; x_wconf 89' lang='lat' dir='ltr'>manus</span> <span class='ocrx_word' id='word_1_83' title='bbox 771 2472 1013 2534; x_wconf 89' lang='lat' dir='ltr'>chartae</span> <span class='ocrx_word' id='word_1_84' title='bbox 1057 2470 1402 2551; x_wconf 84' lang='lat' dir='ltr'>nodosaque</span> <span class='ocrx_word' id='word_1_85' title='bbox 1443 2471 1603 2532; x_wconf 89' lang='lat' dir='ltr'>venit</span> <span class='ocrx_word' id='word_1_86' title='bbox 1642 2470 1895 2531; x_wconf 85' lang='lat' dir='ltr'>arundo.</span> <span class='ocrx_word' id='word_1_87' title='bbox 2201 2503 2206 2506; x_wconf 73' lang='lat'><em>,</em></span> 
     </span>
     <span class='ocr_line' id='line_1_13' title="bbox 285 2549 2153 2631; baseline -0.001 -21"><span class='ocrx_word' id='word_1_88' title='bbox 285 2549 454 2624; x_wconf 86' lang='lat' dir='ltr'>Tunc</span> <span class='ocrx_word' id='word_1_89' title='bbox 495 2552 790 2631; x_wconf 86' lang='lat' dir='ltr'>queritur,</span> <span class='ocrx_word' id='word_1_90' title='bbox 836 2568 1073 2615; x_wconf 86' lang='lat' dir='ltr'>crassus</span> <span class='ocrx_word' id='word_1_91' title='bbox 1113 2551 1343 2612; x_wconf 85' lang='lat' dir='ltr'>calamo</span> <span class='ocrx_word' id='word_1_92' title='bbox 1385 2550 1542 2629; x_wconf 83' lang='lat' dir='ltr'>quod</span> <span class='ocrx_word' id='word_1_93' title='bbox 1588 2550 1844 2627; x_wconf 81' lang='lat' dir='ltr'>pendeat</span> <span class='ocrx_word' id='word_1_94' title='bbox 1887 2549 2153 2624; x_wconf 79' lang='lat' dir='ltr'>humor3</span> 
     </span>
     <span class='ocr_line' id='line_1_14' title="bbox 287 2628 1773 2710; baseline -0.002 -19"><span class='ocrx_word' id='word_1_95' title='bbox 287 2628 469 2707; x_wconf 87' lang='lat' dir='ltr'>Nigra</span> <span class='ocrx_word' id='word_1_96' title='bbox 514 2630 673 2709; x_wconf 88' lang='lat' dir='ltr'>quod</span> <span class='ocrx_word' id='word_1_97' title='bbox 717 2630 915 2692; x_wconf 85' lang='lat' dir='ltr'>infusa</span> <span class='ocrx_word' id='word_1_98' title='bbox 961 2637 1235 2691; x_wconf 76' lang='lat' dir='ltr'>vanescat</span> <span class='ocrx_word' id='word_1_99' title='bbox 1277 2630 1444 2708; x_wconf 87' lang='lat' dir='ltr'>sepia</span> <span class='ocrx_word' id='word_1_100' title='bbox 1489 2629 1773 2710; x_wconf 76' lang='lat' dir='ltr'>lympha;</span> 
     </span>
    </p>

    <p class='ocr_par' dir='ltr' id='par_1_6' title="bbox 287 2707 1850 2789">
     <span class='ocr_line' id='line_1_15' title="bbox 287 2707 1850 2789; baseline -0.001 -20"><span class='ocrx_word' id='word_1_101' title='bbox 287 2707 518 2770; x_wconf 89' lang='lat' dir='ltr'>Dilutas</span> <span class='ocrx_word' id='word_1_102' title='bbox 559 2709 836 2789; x_wconf 89' lang='lat' dir='ltr'>queritur</span> <span class='ocrx_word' id='word_1_103' title='bbox 877 2709 1144 2788; x_wconf 86' lang='lat' dir='ltr'>geminet</span> <span class='ocrx_word' id='word_1_104' title='bbox 1183 2708 1340 2787; x_wconf 86' lang='lat' dir='ltr'>quod</span> <span class='ocrx_word' id='word_1_105' title='bbox 1386 2710 1585 2769; x_wconf 83' lang='lat' dir='ltr'>fistula</span> <span class='ocrx_word' id='word_1_106' title='bbox 1629 2716 1850 2786; x_wconf 86' lang='lat' dir='ltr'>guttas.</span> 
     </span>
    </p>

    <p class='ocr_par' dir='ltr' id='par_1_7' title="bbox 274 2786 2219 3102">
     <span class='ocr_line' id='line_1_16' title="bbox 367 2786 2219 2870; baseline -0.002 -19"><span class='ocrx_word' id='word_1_107' title='bbox 367 2786 414 2851; x_wconf 94' lang='grc' dir='ltr'><strong>Ο</strong></span> <span class='ocrx_word' id='word_1_108' title='bbox 455 2788 655 2859; x_wconf 83' lang='lat' dir='ltr'>miser,</span> <span class='ocrx_word' id='word_1_109' title='bbox 700 2789 883 2870; x_wconf 86' lang='lat' dir='ltr'>inque</span> <span class='ocrx_word' id='word_1_110' title='bbox 926 2788 1052 2851; x_wconf 91' lang='lat' dir='ltr'>dies</span> <span class='ocrx_word' id='word_1_111' title='bbox 1094 2788 1251 2848; x_wconf 89' lang='lat' dir='ltr'>ultra</span> <span class='ocrx_word' id='word_1_112' title='bbox 1298 2786 1519 2849; x_wconf 81' lang='lat' dir='ltr'>miser!</span> <span class='ocrx_word' id='word_1_113' title='bbox 1568 2787 1819 2850; x_wconf 88' lang='lat' dir='ltr'>huccine</span> <span class='ocrx_word' id='word_1_114' title='bbox 1864 2804 2066 2848; x_wconf 89' lang='lat' dir='ltr'>rerum</span> <span class='ocrx_word' id='word_1_115' title='bbox 2166 2787 2219 2826; x_wconf 83' lang='lat'>¹5</span> 
     </span>
     <span class='ocr_line' id='line_1_17' title="bbox 286 2866 2017 2947; baseline 0.001 -21"><span class='ocrx_word' id='word_1_116' title='bbox 286 2866 629 2929; x_wconf 75' lang='lat' dir='ltr'>Venimus?</span> <span class='ocrx_word' id='word_1_117' title='bbox 669 2867 747 2930; x_wconf 90' lang='lat' dir='ltr'>At</span> <span class='ocrx_word' id='word_1_118' title='bbox 786 2885 894 2929; x_wconf 87' lang='lat' dir='ltr'>cur</span> <span class='ocrx_word' id='word_1_119' title='bbox 934 2885 1054 2930; x_wconf 88' lang='lat' dir='ltr'>non</span> <span class='ocrx_word' id='word_1_120' title='bbox 1101 2868 1318 2947; x_wconf 84' lang='lat' dir='ltr'>potius,</span> <span class='ocrx_word' id='word_1_121' title='bbox 1366 2875 1688 2946; x_wconf 87' lang='lat' dir='ltr'>teneroque</span> <span class='ocrx_word' id='word_1_122' title='bbox 1732 2866 2017 2945; x_wconf 87' lang='lat' dir='ltr'>palumbo</span> 
     </span>
     <span class='ocr_line' id='line_1_18' title="bbox 274 2943 1795 3026; baseline 0.002 -24"><span class='ocrx_word' id='word_1_123' title='bbox 274 2943 361 3005; x_wconf 16' lang='lat' dir='ltr'>*Et</span> <span class='ocrx_word' id='word_1_124' title='bbox 401 2946 619 3008; x_wconf 89' lang='lat' dir='ltr'>similis</span> <span class='ocrx_word' id='word_1_125' title='bbox 662 2962 870 3024; x_wconf 85' lang='lat' dir='ltr'>regum</span> <span class='ocrx_word' id='word_1_126' title='bbox 917 2944 1140 3026; x_wconf 85' lang='lat' dir='ltr'>pueris,</span> <span class='ocrx_word' id='word_1_127' title='bbox 1189 2963 1451 3025; x_wconf 86' lang='lat' dir='ltr'>pappare</span> <span class='ocrx_word' id='word_1_128' title='bbox 1498 2946 1795 3007; x_wconf 87' lang='lat' dir='ltr'>minutum</span> 
     </span>
     <span class='ocr_line' id='line_1_19' title="bbox 283 3024 1782 3102; baseline -0.002 -16"><span class='ocrx_word' id='word_1_129' title='bbox 283 3024 513 3102; x_wconf 90' lang='lat' dir='ltr'>Poscis,</span> <span class='ocrx_word' id='word_1_130' title='bbox 559 3033 619 3088; x_wconf 91' lang='lat' dir='ltr'>et</span> <span class='ocrx_word' id='word_1_131' title='bbox 660 3024 850 3086; x_wconf 88' lang='lat' dir='ltr'>iratus</span> <span class='ocrx_word' id='word_1_132' title='bbox 893 3042 1190 3086; x_wconf 88' lang='lat' dir='ltr'>mammae</span> <span class='ocrx_word' id='word_1_133' title='bbox 1234 3026 1445 3086; x_wconf 79' lang='lat' dir='ltr'>lallare</span> <span class='ocrx_word' id='word_1_134' title='bbox 1488 3024 1782 3087; x_wconf 77' lang='lat' dir='ltr'>recusas?</span> 
     </span>
    </p>

    <p class='ocr_par' dir='ltr' id='par_1_8' title="bbox 272 3102 2214 3422">
     <span class='ocr_line' id='line_1_20' title="bbox 370 3102 2183 3182; baseline -0.004 -14"><span class='ocrx_word' id='word_1_135' title='bbox 370 3124 402 3168; x_wconf 64' lang='lat' dir='ltr'>t(</span> <span class='ocrx_word' id='word_1_136' title='bbox 430 3104 521 3165; x_wconf 81' lang='lat' dir='ltr'>An</span> <span class='ocrx_word' id='word_1_137' title='bbox 568 3103 671 3165; x_wconf 87' lang='lat' dir='ltr'>tali</span> <span class='ocrx_word' id='word_1_138' title='bbox 714 3102 984 3166; x_wconf 90' lang='lat' dir='ltr'>studeam</span> <span class='ocrx_word' id='word_1_139' title='bbox 1031 3103 1370 3164; x_wconf 76' lang='lat' dir='ltr'>calamo?»</span> <span class='ocrx_word' id='word_1_140' title='bbox 1419 3102 1524 3165; x_wconf 89' lang='lat' dir='ltr'>Cui</span> <span class='ocrx_word' id='word_1_141' title='bbox 1573 3102 1746 3165; x_wconf 86' lang='lat' dir='ltr'>verba</span> <span class='ocrx_word' id='word_1_142' title='bbox 1774 3102 1805 3163; x_wconf 70' lang='lat'>‘2</span> <span class='ocrx_word' id='word_1_143' title='bbox 1848 3103 1990 3182; x_wconf 92' lang='lat' dir='ltr'>quid</span> <span class='ocrx_word' id='word_1_144' title='bbox 2036 3103 2183 3164; x_wconf 88' lang='lat' dir='ltr'>istas</span> 
     </span>
     <span class='ocr_line' id='line_1_21' title="bbox 272 3173 2214 3261; baseline -0.002 -15"><span class='ocrx_word' id='word_1_145' title='bbox 272 3173 558 3246; x_wconf 87' lang='lat' dir='ltr'>-Succinis</span> <span class='ocrx_word' id='word_1_146' title='bbox 601 3182 936 3261; x_wconf 74' lang='lat' dir='ltr'>ambages?</span> <span class='ocrx_word' id='word_1_147' title='bbox 977 3181 1111 3243; x_wconf 86' lang='lat' dir='ltr'>Tibi</span> <span class='ocrx_word' id='word_1_148' title='bbox 1157 3181 1435 3244; x_wconf 88' lang='lat' dir='ltr'>luditur:</span> <span class='ocrx_word' id='word_1_149' title='bbox 1482 3182 1675 3244; x_wconf 87' lang='lat' dir='ltr'>effluis</span> <span class='ocrx_word' id='word_1_150' title='bbox 1719 3201 1965 3245; x_wconf 84' lang='lat' dir='ltr'>amens:</span> <span class='ocrx_word' id='word_1_151' title='bbox 2157 3180 2214 3224; x_wconf 74' lang='lat'>²⁰</span> 
     </span>
     <span class='ocr_line' id='line_1_22' title="bbox 287 3259 1854 3341; baseline -0.001 -16"><span class='ocrx_word' id='word_1_152' title='bbox 287 3262 705 3325; x_wconf 86' lang='lat' dir='ltr'>Contemnere.</span> <span class='ocrx_word' id='word_1_153' title='bbox 753 3261 940 3325; x_wconf 87' lang='lat' dir='ltr'>Sonat</span> <span class='ocrx_word' id='word_1_154' title='bbox 980 3259 1191 3322; x_wconf 83' lang='lat' dir='ltr'>vitium</span> <span class='ocrx_word' id='word_1_155' title='bbox 1240 3279 1542 3341; x_wconf 83' lang='lat' dir='ltr'>percussa,</span> <span class='ocrx_word' id='word_1_156' title='bbox 1590 3261 1854 3340; x_wconf 84' lang='lat' dir='ltr'>maligne</span> 
     </span>
     <span class='ocr_line' id='line_1_23' title="bbox 285 3340 1669 3422; baseline -0.001 -20"><span class='ocrx_word' id='word_1_157' title='bbox 285 3340 628 3422; x_wconf 84' lang='lat' dir='ltr'>Respondet</span> <span class='ocrx_word' id='word_1_158' title='bbox 668 3341 842 3403; x_wconf 89' lang='lat' dir='ltr'>viridi</span> <span class='ocrx_word' id='word_1_159' title='bbox 891 3359 1006 3403; x_wconf 91' lang='lat' dir='ltr'>non</span> <span class='ocrx_word' id='word_1_160' title='bbox 1050 3348 1214 3405; x_wconf 88' lang='lat' dir='ltr'>cocta</span> <span class='ocrx_word' id='word_1_161' title='bbox 1262 3340 1456 3402; x_wconf 83' lang='lat' dir='ltr'>tidelia</span> <span class='ocrx_word' id='word_1_162' title='bbox 1503 3341 1669 3403; x_wconf 90' lang='lat' dir='ltr'>limo.</span> 
     </span>
    </p>

    <p class='ocr_par' dir='ltr' id='par_1_9' title="bbox 282 3419 2213 3500">
     <span class='ocr_line' id='line_1_24' title="bbox 282 3419 2213 3500; baseline -0.002 -17"><span class='ocrx_word' id='word_1_163' title='bbox 282 3420 478 3483; x_wconf 86' lang='lat' dir='ltr'>Udum</span> <span class='ocrx_word' id='word_1_164' title='bbox 510 3428 570 3483; x_wconf 89' lang='lat' dir='ltr'>et</span> <span class='ocrx_word' id='word_1_165' title='bbox 598 3421 779 3484; x_wconf 88' lang='lat' dir='ltr'>molle</span> <span class='ocrx_word' id='word_1_166' title='bbox 808 3422 998 3483; x_wconf 88' lang='lat' dir='ltr'>lutum</span> <span class='ocrx_word' id='word_1_167' title='bbox 1032 3439 1118 3499; x_wconf 75' lang='lat' dir='ltr'>eS,</span> <span class='ocrx_word' id='word_1_168' title='bbox 1151 3439 1312 3483; x_wconf 90' lang='lat' dir='ltr'>nunc</span> <span class='ocrx_word' id='word_1_169' title='bbox 1340 3438 1502 3482; x_wconf 90' lang='lat' dir='ltr'>nunc</span> <span class='ocrx_word' id='word_1_170' title='bbox 1534 3419 1967 3500; x_wconf 79' lang='lat' dir='ltr'>properanduS,</span> <span class='ocrx_word' id='word_1_171' title='bbox 2001 3426 2059 3480; x_wconf 89' lang='lat' dir='ltr'>et</span> <span class='ocrx_word' id='word_1_172' title='bbox 2088 3419 2213 3480; x_wconf 84' lang='lat' dir='ltr'>acri</span> 
     </span>
    </p>
   </div>
  </div>
 </body>
</html>
