<?xml version="1.0" encoding="UTF-8"?>
<!DOCTYPE html PUBLIC "-//W3C//DTD XHTML 1.0 Transitional//EN"
    "http://www.w3.org/TR/xhtml1/DTD/xhtml1-transitional.dtd">
<html xmlns="http://www.w3.org/1999/xhtml" xml:lang="en" lang="en">
 <head>
  <title>
</title>
<meta http-equiv="Content-Type" content="text/html;charset=utf-8" />
  <meta name='ocr-system' content='tesseract 3.04.00' />
  <meta name='ocr-capabilities' content='ocr_page ocr_carea ocr_par ocr_line ocrx_word'/>
</head>
<body>
  <div class='ocr_page' id='page_1' title='image "apersiiflaccisa03persgoog_0018.png"; bbox 0 0 2776 4077; ppageno 0'>
   <div class='ocr_carea' id='block_1_1' title="bbox 491 199 1732 265">
    <p class='ocr_par' dir='ltr' id='par_1_1' title="bbox 491 199 1732 265">
     <span class='ocr_line' id='line_1_1' title="bbox 491 199 1732 265; baseline 0.001 -4"><span class='ocrx_word' id='word_1_1' title='bbox 491 199 568 261; x_wconf 78' lang='lat'><strong>19.</strong></span> <span class='ocrx_word' id='word_1_2' title='bbox 1182 220 1243 265; x_wconf 76' lang='lat' dir='ltr'><strong>A.</strong></span> <span class='ocrx_word' id='word_1_3' title='bbox 1289 216 1486 264; x_wconf 65' lang='lat' dir='ltr'><strong>pensu</strong></span> <span class='ocrx_word' id='word_1_4' title='bbox 1527 216 1732 264; x_wconf 70' lang='lat' dir='ltr'><strong>rtAcct</strong></span> 
     </span>
    </p>
   </div>
   <div class='ocr_carea' id='block_1_2' title="bbox 488 294 2433 1486">
    <p class='ocr_par' dir='ltr' id='par_1_2' title="bbox 488 294 2429 536">
     <span class='ocr_line' id='line_1_2' title="bbox 488 294 2059 379; baseline -0.001 -21"><span class='ocrx_word' id='word_1_5' title='bbox 488 294 868 373; x_wconf 86' lang='lat' dir='ltr'><strong>Compositus</strong></span> <span class='ocrx_word' id='word_1_6' title='bbox 908 297 1084 374; x_wconf 89' lang='lat' dir='ltr'><strong>lecto,</strong></span> <span class='ocrx_word' id='word_1_7' title='bbox 1128 299 1467 379; x_wconf 80' lang='lat' dir='ltr'>crassisque</span> <span class='ocrx_word' id='word_1_8' title='bbox 1509 296 1739 360; x_wconf 87' lang='lat' dir='ltr'><strong>lutatus</strong></span> <span class='ocrx_word' id='word_1_9' title='bbox 1781 297 2059 369; x_wconf 84' lang='lat' dir='ltr'><strong>amomis,</strong></span> 
     </span>
     <span class='ocr_line' id='line_1_3' title="bbox 490 372 2429 455; baseline 0.002 -22"><span class='ocrx_word' id='word_1_10' title='bbox 490 372 561 434; x_wconf 93' lang='lat' dir='ltr'><strong>In</strong></span> <span class='ocrx_word' id='word_1_11' title='bbox 604 382 833 454; x_wconf 84' lang='lat' dir='ltr'><strong>portam</strong></span> <span class='ocrx_word' id='word_1_12' title='bbox 880 378 1105 455; x_wconf 87' lang='lat' dir='ltr'><strong>rigidos</strong></span> <span class='ocrx_word' id='word_1_13' title='bbox 1146 382 1338 442; x_wconf 82' lang='lat' dir='ltr'><strong>calces</strong></span> <span class='ocrx_word' id='word_1_14' title='bbox 1378 378 1690 442; x_wconf 81' lang='lat' dir='ltr'><strong>extendit:</strong></span> <span class='ocrx_word' id='word_1_15' title='bbox 1738 387 1798 439; x_wconf 88' lang='lat' dir='ltr'><strong>at</strong></span> <span class='ocrx_word' id='word_1_16' title='bbox 1840 378 2011 438; x_wconf 86' lang='lat' dir='ltr'><strong>illum</strong></span> <span class='ocrx_word' id='word_1_17' title='bbox 2347 373 2429 416; x_wconf 70' lang='lat'><strong>¹⁰5</strong></span> 
     </span>
     <span class='ocr_line' id='line_1_4' title="bbox 492 451 1872 536; baseline 0.002 -23"><span class='ocrx_word' id='word_1_18' title='bbox 492 451 772 515; x_wconf 81' lang='lat' dir='ltr'><strong>Hesterni</strong></span> <span class='ocrx_word' id='word_1_19' title='bbox 815 459 1008 536; x_wconf 83' lang='lat' dir='ltr'><strong>capite</strong></span> <span class='ocrx_word' id='word_1_20' title='bbox 1050 460 1262 522; x_wconf 89' lang='lat' dir='ltr'><strong>induto</strong></span> <span class='ocrx_word' id='word_1_21' title='bbox 1303 457 1545 519; x_wconf 86' lang='lat' dir='ltr'><strong>subiere</strong></span> <span class='ocrx_word' id='word_1_22' title='bbox 1588 455 1872 529; x_wconf 79' lang='lat' dir='ltr'><strong>Quirites,</strong></span> 
     </span>
    </p>

    <p class='ocr_par' dir='ltr' id='par_1_3' title="bbox 492 531 2430 1170">
     <span class='ocr_line' id='line_1_5' title="bbox 578 531 2368 616; baseline 0 -26"><span class='ocrx_word' id='word_1_23' title='bbox 578 550 609 591; x_wconf 69' lang='grc' dir='ltr'>κ</span> <span class='ocrx_word' id='word_1_24' title='bbox 639 531 839 612; x_wconf 84' lang='lat' dir='ltr'><strong>Tange</strong></span> <span class='ocrx_word' id='word_1_25' title='bbox 883 539 1066 599; x_wconf 87' lang='lat' dir='ltr'><strong>miser</strong></span> <span class='ocrx_word' id='word_1_26' title='bbox 1110 557 1311 612; x_wconf 81' lang='lat' dir='ltr'><strong>venaS,</strong></span> <span class='ocrx_word' id='word_1_27' title='bbox 1357 544 1417 599; x_wconf 90' lang='lat' dir='ltr'><strong>et</strong></span> <span class='ocrx_word' id='word_1_28' title='bbox 1459 553 1614 615; x_wconf 85' lang='lat' dir='ltr'><strong>pone</strong></span> <span class='ocrx_word' id='word_1_29' title='bbox 1657 537 1718 596; x_wconf 89' lang='lat' dir='ltr'><strong>in</strong></span> <span class='ocrx_word' id='word_1_30' title='bbox 1766 544 2006 616; x_wconf 79' lang='lat' dir='ltr'><strong>pectore</strong></span> <span class='ocrx_word' id='word_1_31' title='bbox 2048 534 2315 595; x_wconf 79' lang='lat' dir='ltr'><strong>dextram</strong></span> <span class='ocrx_word' id='word_1_32' title='bbox 2355 551 2368 590; x_wconf 91' lang='lat'>:</span> 
     </span>
     <span class='ocr_line' id='line_1_6' title="bbox 492 608 2319 696; baseline 0.001 -25"><span class='ocrx_word' id='word_1_33' title='bbox 492 608 590 671; x_wconf 91' lang='lat' dir='ltr'><strong>Nil</strong></span> <span class='ocrx_word' id='word_1_34' title='bbox 633 613 787 675; x_wconf 87' lang='lat' dir='ltr'><strong>calet</strong></span> <span class='ocrx_word' id='word_1_35' title='bbox 827 614 967 678; x_wconf 88' lang='lat' dir='ltr'><strong>hic:</strong></span> <span class='ocrx_word' id='word_1_36' title='bbox 1013 634 1402 696; x_wconf 88' lang='lat' dir='ltr'><strong>summosque</strong></span> <span class='ocrx_word' id='word_1_37' title='bbox 1448 615 1624 695; x_wconf 88' lang='lat' dir='ltr'><strong>pedes</strong></span> <span class='ocrx_word' id='word_1_38' title='bbox 1667 618 1892 692; x_wconf 85' lang='lat' dir='ltr'><strong>attinge</strong></span> <span class='ocrx_word' id='word_1_39' title='bbox 1938 631 2319 692; x_wconf 85' lang='lat' dir='ltr'><strong>manusque:</strong></span> 
     </span>
     <span class='ocr_line' id='line_1_7' title="bbox 492 687 2067 773; baseline 0.003 -24"><span class='ocrx_word' id='word_1_40' title='bbox 492 687 625 752; x_wconf 89' lang='lat' dir='ltr'><strong>Non</strong></span> <span class='ocrx_word' id='word_1_41' title='bbox 667 691 907 771; x_wconf 80' lang='lat' dir='ltr'><strong>frigent.</strong></span> <span class='ocrx_word' id='word_1_42' title='bbox 939 714 969 755; x_wconf 68' lang='lat' dir='ltr'><strong>xv</strong></span> <span class='ocrx_word' id='word_1_43' title='bbox 1019 697 1152 758; x_wconf 87' lang='lat' dir='ltr'><strong>Visa</strong></span> <span class='ocrx_word' id='word_1_44' title='bbox 1196 705 1288 759; x_wconf 88' lang='lat' dir='ltr'><strong>est</strong></span> <span class='ocrx_word' id='word_1_45' title='bbox 1325 696 1377 756; x_wconf 87' lang='lat' dir='ltr'><strong>si</strong></span> <span class='ocrx_word' id='word_1_46' title='bbox 1423 694 1575 756; x_wconf 90' lang='lat' dir='ltr'><strong>forte</strong></span> <span class='ocrx_word' id='word_1_47' title='bbox 1619 696 1899 773; x_wconf 82' lang='lat' dir='ltr'><strong>pecunia,</strong></span> <span class='ocrx_word' id='word_1_48' title='bbox 1944 695 2067 755; x_wconf 90' lang='lat' dir='ltr'><strong>sive</strong></span> 
     </span>
     <span class='ocr_line' id='line_1_8' title="bbox 493 766 2430 854; baseline 0.005 -25"><span class='ocrx_word' id='word_1_49' title='bbox 493 766 754 831; x_wconf 87' lang='lat' dir='ltr'><strong>Candida</strong></span> <span class='ocrx_word' id='word_1_50' title='bbox 800 774 981 836; x_wconf 87' lang='lat' dir='ltr'><strong>vicini</strong></span> <span class='ocrx_word' id='word_1_51' title='bbox 1025 775 1278 838; x_wconf 88' lang='lat' dir='ltr'><strong>subrisit</strong></span> <span class='ocrx_word' id='word_1_52' title='bbox 1321 774 1504 836; x_wconf 75' lang='lat' dir='ltr'><strong>molle</strong></span> <span class='ocrx_word' id='word_1_53' title='bbox 1546 775 1771 854; x_wconf 79' lang='lat' dir='ltr'><strong>puella,</strong></span> <span class='ocrx_word' id='word_1_54' title='bbox 2347 768 2430 811; x_wconf 86' lang='lat'><strong>¹¹⁰</strong></span> 
     </span>
     <span class='ocr_line' id='line_1_9' title="bbox 495 847 2158 932; baseline 0.001 -21"><span class='ocrx_word' id='word_1_55' title='bbox 495 847 611 911; x_wconf 86' lang='lat' dir='ltr'><strong>Cor</strong></span> <span class='ocrx_word' id='word_1_56' title='bbox 654 851 763 912; x_wconf 91' lang='lat' dir='ltr'><strong>tibi</strong></span> <span class='ocrx_word' id='word_1_57' title='bbox 806 853 921 916; x_wconf 89' lang='lat' dir='ltr'><strong>rite</strong></span> <span class='ocrx_word' id='word_1_58' title='bbox 963 855 1156 916; x_wconf 74' lang='lat' dir='ltr'><strong>salit?</strong></span> <span class='ocrx_word' id='word_1_59' title='bbox 1198 855 1464 916; x_wconf 88' lang='lat' dir='ltr'><strong>Positum</strong></span> <span class='ocrx_word' id='word_1_60' title='bbox 1510 861 1599 914; x_wconf 87' lang='lat' dir='ltr'><strong>est</strong></span> <span class='ocrx_word' id='word_1_61' title='bbox 1641 854 1878 932; x_wconf 84' lang='lat' dir='ltr'><strong>algente</strong></span> <span class='ocrx_word' id='word_1_62' title='bbox 1922 851 2158 914; x_wconf 87' lang='lat' dir='ltr'><strong>camino</strong></span> 
     </span>
     <span class='ocr_line' id='line_1_10' title="bbox 493 926 2107 1014; baseline 0.001 -26"><span class='ocrx_word' id='word_1_63' title='bbox 493 926 723 991; x_wconf 90' lang='lat' dir='ltr'><strong>Durum</strong></span> <span class='ocrx_word' id='word_1_64' title='bbox 769 930 925 1006; x_wconf 78' lang='lat' dir='ltr'><strong>oluS‚</strong></span> <span class='ocrx_word' id='word_1_65' title='bbox 972 934 1281 1014; x_wconf 81' lang='lat' dir='ltr'><strong>et&#39;popuii</strong></span> <span class='ocrx_word' id='word_1_66' title='bbox 1324 931 1526 995; x_wconf 86' lang='lat' dir='ltr'><strong>cribro</strong></span> <span class='ocrx_word' id='word_1_67' title='bbox 1568 933 1816 995; x_wconf 89' lang='lat' dir='ltr'><strong>decussa</strong></span> <span class='ocrx_word' id='word_1_68' title='bbox 1862 931 2055 992; x_wconf 85' lang='lat' dir='ltr'><strong>farina</strong></span> <span class='ocrx_word' id='word_1_69' title='bbox 2093 950 2107 990; x_wconf 77' lang='lat' dir='ltr'><strong>t</strong></span> 
     </span>
     <span class='ocr_line' id='line_1_11' title="bbox 494 1006 2018 1086; baseline 0.003 -19"><span class='ocrx_word' id='word_1_70' title='bbox 494 1006 819 1086; x_wconf 90' lang='lat' dir='ltr'><strong>Tentemus</strong></span> <span class='ocrx_word' id='word_1_71' title='bbox 861 1011 1106 1075; x_wconf 84' lang='lat' dir='ltr'><strong>fauces:</strong></span> <span class='ocrx_word' id='word_1_72' title='bbox 1157 1022 1361 1075; x_wconf 85' lang='lat' dir='ltr'><strong>tenero</strong></span> <span class='ocrx_word' id='word_1_73' title='bbox 1406 1013 1549 1072; x_wconf 81' lang='lat' dir='ltr'><strong>iatet</strong></span> <span class='ocrx_word' id='word_1_74' title='bbox 1593 1011 1765 1073; x_wconf 87' lang='lat' dir='ltr'><strong>ulcus</strong></span> <span class='ocrx_word' id='word_1_75' title='bbox 1808 1011 1870 1072; x_wconf 90' lang='lat' dir='ltr'><strong>in</strong></span> <span class='ocrx_word' id='word_1_76' title='bbox 1916 1027 2018 1072; x_wconf 90' lang='lat' dir='ltr'><strong>ore</strong></span> 
     </span>
     <span class='ocr_line' id='line_1_12' title="bbox 495 1085 2093 1170; baseline 0 -23"><span class='ocrx_word' id='word_1_77' title='bbox 495 1085 696 1159; x_wconf 84' lang='lat' dir='ltr'><strong>Putre,</strong></span> <span class='ocrx_word' id='word_1_78' title='bbox 745 1091 905 1169; x_wconf 90' lang='lat' dir='ltr'><strong>quod</strong></span> <span class='ocrx_word' id='word_1_79' title='bbox 949 1092 1107 1154; x_wconf 88' lang='lat' dir='ltr'><strong>haud</strong></span> <span class='ocrx_word' id='word_1_80' title='bbox 1152 1093 1359 1155; x_wconf 83' lang='lat' dir='ltr'><strong>deceat</strong></span> <span class='ocrx_word' id='word_1_81' title='bbox 1404 1090 1634 1170; x_wconf 80' lang='lat' dir='ltr'><strong>plebeia</strong></span> <span class='ocrx_word' id='word_1_82' title='bbox 1680 1090 1894 1153; x_wconf 90' lang='lat' dir='ltr'><strong>radere</strong></span> <span class='ocrx_word' id='word_1_83' title='bbox 1937 1089 2093 1152; x_wconf 86' lang='lat' dir='ltr'><strong>beta.</strong></span> 
     </span>
    </p>

    <p class='ocr_par' dir='ltr' id='par_1_4' title="bbox 495 1162 2433 1411">
     <span class='ocr_line' id='line_1_13' title="bbox 495 1162 2433 1244; baseline -0.001 -16"><span class='ocrx_word' id='word_1_84' title='bbox 495 1165 697 1244; x_wconf 78' lang='lat' dir='ltr'><strong>AigeS‚</strong></span> <span class='ocrx_word' id='word_1_85' title='bbox 729 1188 867 1231; x_wconf 82' lang='lat' dir='ltr'><strong>cum</strong></span> <span class='ocrx_word' id='word_1_86' title='bbox 900 1173 1159 1235; x_wconf 86' lang='lat' dir='ltr'><strong>excussit</strong></span> <span class='ocrx_word' id='word_1_87' title='bbox 1187 1170 1475 1234; x_wconf 87' lang='lat' dir='ltr'><strong>membris</strong></span> <span class='ocrx_word' id='word_1_88' title='bbox 1509 1181 1733 1232; x_wconf 86' lang='lat' dir='ltr'><strong>tremor</strong></span> <span class='ocrx_word' id='word_1_89' title='bbox 1761 1169 1933 1231; x_wconf 83' lang='lat' dir='ltr'><strong>albus</strong></span> <span class='ocrx_word' id='word_1_90' title='bbox 1956 1168 2170 1229; x_wconf 88' lang='lat' dir='ltr'><strong>aristas</strong></span> <span class='ocrx_word' id='word_1_91' title='bbox 2202 1187 2218 1242; x_wconf 84' lang='lat'>3</span> <span class='ocrx_word' id='word_1_92' title='bbox 2351 1162 2433 1205; x_wconf 86' lang='lat'><strong>¹¹⁵</strong></span> 
     </span>
     <span class='ocr_line' id='line_1_14' title="bbox 495 1244 2059 1330; baseline -0.001 -23"><span class='ocrx_word' id='word_1_93' title='bbox 495 1244 668 1308; x_wconf 88' lang='lat' dir='ltr'><strong>Nunc</strong></span> <span class='ocrx_word' id='word_1_94' title='bbox 712 1248 839 1312; x_wconf 79' lang='lat' dir='ltr'><strong>face</strong></span> <span class='ocrx_word' id='word_1_95' title='bbox 881 1269 994 1330; x_wconf 85' lang='lat' dir='ltr'><strong>sup</strong></span> <span class='ocrx_word' id='word_1_96' title='bbox 1037 1253 1186 1313; x_wconf 87' lang='lat' dir='ltr'><strong>osita</strong></span> <span class='ocrx_word' id='word_1_97' title='bbox 1234 1251 1512 1313; x_wconf 84' lang='lat' dir='ltr'><strong>fervescit</strong></span> <span class='ocrx_word' id='word_1_98' title='bbox 1553 1249 1824 1326; x_wconf 86' lang='lat' dir='ltr'><strong>sanguis,</strong></span> <span class='ocrx_word' id='word_1_99' title='bbox 1870 1259 1930 1311; x_wconf 85' lang='lat' dir='ltr'><strong>et</strong></span> <span class='ocrx_word' id='word_1_100' title='bbox 1972 1250 2059 1310; x_wconf 87' lang='lat' dir='ltr'><strong>ira</strong></span> 
     </span>
     <span class='ocr_line' id='line_1_15' title="bbox 496 1324 2132 1411; baseline 0 -23"><span class='ocrx_word' id='word_1_101' title='bbox 496 1324 842 1391; x_wconf 79' lang='lat' dir='ltr'><strong>Scintiltant</strong></span> <span class='ocrx_word' id='word_1_102' title='bbox 883 1348 992 1392; x_wconf 90' lang='lat' dir='ltr'><strong>ocu</strong></span> <span class='ocrx_word' id='word_1_103' title='bbox 1025 1331 1085 1392; x_wconf 86' lang='lat' dir='ltr'><strong>i:</strong></span> <span class='ocrx_word' id='word_1_104' title='bbox 1130 1331 1401 1411; x_wconf 88' lang='lat' dir='ltr'><strong>dicisque</strong></span> <span class='ocrx_word' id='word_1_105' title='bbox 1443 1329 1735 1408; x_wconf 81' lang='lat' dir='ltr'><strong>facisque,</strong></span> <span class='ocrx_word' id='word_1_106' title='bbox 1780 1329 1937 1407; x_wconf 85' lang='lat' dir='ltr'><strong>quod</strong></span> <span class='ocrx_word' id='word_1_107' title='bbox 1981 1328 2132 1406; x_wconf 87' lang='lat' dir='ltr'><strong>ipse,</strong></span> 
     </span>
    </p>

    <p class='ocr_par' dir='ltr' id='par_1_5' title="bbox 496 1401 2200 1486">
     <span class='ocr_line' id='line_1_16' title="bbox 496 1401 2200 1486; baseline 0.001 -22"><span class='ocrx_word' id='word_1_108' title='bbox 496 1401 625 1465; x_wconf 85' lang='lat' dir='ltr'><strong>Non</strong></span> <span class='ocrx_word' id='word_1_109' title='bbox 667 1409 799 1469; x_wconf 88' lang='lat' dir='ltr'><strong>sani</strong></span> <span class='ocrx_word' id='word_1_110' title='bbox 844 1429 972 1474; x_wconf 91' lang='lat' dir='ltr'><strong>esse</strong></span> <span class='ocrx_word' id='word_1_111' title='bbox 1015 1411 1300 1486; x_wconf 89' lang='lat' dir='ltr'><strong>hominis,</strong></span> <span class='ocrx_word' id='word_1_112' title='bbox 1347 1426 1471 1472; x_wconf 92' lang='lat' dir='ltr'><strong>non</strong></span> <span class='ocrx_word' id='word_1_113' title='bbox 1512 1425 1695 1471; x_wconf 84' lang='lat' dir='ltr'><strong>sanus</strong></span> <span class='ocrx_word' id='word_1_114' title='bbox 1738 1409 1897 1470; x_wconf 85' lang='lat' dir='ltr'><strong>iuret</strong></span> <span class='ocrx_word' id='word_1_115' title='bbox 1939 1405 2200 1469; x_wconf 77' lang='lat' dir='ltr'><strong>Orestes,</strong></span> 
     </span>
    </p>
   </div>
  </div>
 </body>
</html>
