2776 4077
1095 516 1637 583 SATYRA
1693 521 1954 588 XIV.

1311 806 1736 825 ”mm

566 964 591 1000 N

641 1070 910 1132 Plurima
954 1078 1117 1147 sunt,
1164 1071 1438 1146 Fuscine,
1489 1083 1548 1140 et
1589 1080 1745 1141 fama
1792 1082 1970 1161 digna
2014 1085 2279 1164 sinistra,

561 1148 631 1212 Et
674 1150 881 1213 nitidis
924 1152 1222 1214 maculam
1266 1154 1584 1218 haesuram
1631 1161 1874 1238 figentia
1919 1164 2121 1240 rebuS,

560 1229 722 1305 Quae
766 1239 1100 1292 monstrant
1141 1231 1256 1312 ipsi
1303 1237 1506 1315 pueris
1554 1241 1915 1322 traduntque
1962 1256 2259 1323 parentes

560 1308 622 1370 Si
664 1310 945 1372 damnosa
992 1329 1192 1373 senem
1238 1312 1405 1374 iuvat
1444 1316 1596 1394 alea,
1644 1318 1793 1381 ludit
1838 1331 1897 1383 et
1940 1323 2151 1387 haeres

559 1389 853 1459 Bullatus,
900 1403 1203 1470 parvoque
1247 1394 1453 1457 eadem
1498 1409 1694 1460 movet
1736 1417 1899 1462 arma
1944 1404 2179 1466 fritillo.
2456 1406 2481 1445 ⁵

559 1468 680 1530 Nec
725 1469 940 1532 melius
982 1468 1055 1531 de
1098 1487 1160 1533 se
1205 1471 1488 1552 cuiquam
1531 1495 1779 1557 sperare
1825 1485 2165 1565 propinquo

561 1549 853 1612 Concedet
894 1548 1148 1627 iuveniS‚
1194 1551 1300 1629 qui
1346 1553 1557 1617 radere
1602 1558 1811 1621 tubera
1859 1569 2081 1639 terrae,

564 1627 832 1692 Boletum
877 1628 1147 1706 condire,
1192 1639 1250 1691 et
1293 1633 1500 1696 eodem
1543 1635 1679 1701 iure
1722 1647 1999 1704 natantes

562 1707 825 1787 Mergere
870 1706 1153 1770 ficedulas
1193 1708 1424 1789 didicit,
1470 1715 1769 1781 nebulone
1815 1732 2084 1798 parente,

564 1788 635 1848 Et
677 1806 821 1850 cana
866 1795 1239 1850 monstrante
1280 1792 1442 1868 gula.
1489 1793 1634 1858 Cum
1676 1801 1967 1878 septimus
2009 1821 2201 1863 annus
2435 1803 2487 1845 ¹⁰

558 1865 889 1930 Transierit
930 1882 1141 1946 puer0,
1185 1872 1452 1935 nondum
1497 1877 1660 1937 omni
1704 1878 1879 1940 dente
1923 1891 2154 1952 renato,

561 1947 846 2009 Barbatos
889 1945 1029 2008 licet
1070 1946 1384 2013 admoveas
1427 1954 1593 2016 mille
1635 1956 1776 2017 inde
1820 1957 2159 2033 magistros,

563 2027 714 2091 Hinc
759 2025 1027 2103 totidem,
1071 2026 1274 2108 cupiet
1315 2031 1481 2097 lauto
1524 2052 1777 2098 coenare
1821 2046 2030 2117 paratu

561 2106 832 2188 Semper,
879 2113 936 2167 et
977 2124 1008 2167 a
1055 2123 1266 2186 magna
1310 2130 1432 2175 non
1474 2113 1837 2191 degenerare
1878 2118 2100 2180 culina.

559 2185 757 2249 Mitem
801 2184 1093 2263 animum,
1139 2197 1199 2248 et
1242 2209 1438 2255 mores
1480 2195 1729 2258 modicis
1774 2197 2077 2258 erroribus
2121 2211 2366 2273 aequOS,
2428 2194 2482 2237 1⁵

560 2267 880 2345 Praecipit,
925 2274 1104 2345 atque
1146 2270 1379 2333 animas
1423 2291 1730 2336 servorum
1776 2286 1833 2335 et
1875 2290 2123 2352 corpora
2168 2282 2368 2337 nostra

563 2346 805 2409 Materia
850 2354 1123 2408 constare
1165 2357 1355 2428 putat,
1404 2353 1771 2429 paribusque
1814 2352 2159 2432 elementis3

563 2427 652 2487 An
697 2425 926 2489 saevire
967 2425 1139 2487 docet
1179 2427 1445 2503 Rutilus,
1489 2430 1594 2508 qui
1636 2430 1852 2507 gaudet
1896 2432 2111 2496 acerbo

563 2507 878 2585 plagarum
921 2503 1200 2583 strepitu,
1245 2515 1306 2570 et
1343 2506 1572 2570 nullam
1618 2508 1828 2573 Sirena
1874 2512 2129 2591 flagellis

563 2588 901 2667 Comparat‚
945 2583 1297 2661 Antiphates
1339 2587 1555 2666 trepidi
1596 2589 1742 2651 laris
1785 2612 1853 2653 ac
1895 2593 2344 2673 Polyphemus?
2429 2590 2485 2632 2⁰

499 2670 501 2672 ’
562 2665 709 2728 Tum
754 2666 916 2738 felix,
963 2663 1193 2742 quoties
1235 2665 1453 2745 aliquis
1496 2675 1721 2732 tortore
1764 2680 1968 2733 vocato

564 2745 772 2808 Uritur
813 2743 1046 2805 ardenti
1086 2741 1206 2805 duo
1289 2752 1493 2824 ropter
1534 2748 1716 2810 lintea
1763 2750 1943 2832 ferro..

564 2825 716 2898 Quid
758 2824 967 2888 suadet
1007 2818 1207 2884 iuveni
1276 2832 1444 2887 aetus
1486 2828 1745 2890 stridore
1787 2838 2054 2904 catenae,

564 2904 747 2977 Quem
793 2902 943 2965 mire
985 2897 1256 2966 afficiunt
1294 2904 1580 2987 inscripta
1625 2909 1949 2986 ergastula,
1994 2924 2199 2970 carcer

567 2983 900 3046 Rusticus?
986 3023 2169 3050 ............
2431 2984 2485 3027 ²⁵

650 3109 664 3124 .
755 3108 769 3122 .
860 3108 873 3123 .
966 3107 980 3122 .
1082 3107 1095 3122 .
1180 3064 1441 3129 velocius
1482 3075 1541 3131 et
1580 3067 1763 3130 citius
1804 3084 1913 3130 nos

562 3141 968 3221 Corrumpunt
1004 3142 1285 3207 vitiorum
1330 3147 1598 3228 exempla
1641 3147 1989 3222 domestica,
2035 3146 2268 3224 magnis

563 3223 708 3282 Cum
751 3222 1010 3290 subeunt
1050 3223 1281 3288 animos
1319 3227 1689 3289 auctoribus,
1737 3227 1900 3288 Unus
1944 3235 2001 3289 et
2042 3227 2195 3289 alter
2321 3281 2322 3284 ,

567 3300 838 3363 Forsitan
882 3302 1029 3367 haec
1067 3314 1353 3385 spernant
1392 3306 1663 3383 iuveneS,
1706 3307 1925 3387 quibus
1968 3315 2094 3368 arte
2139 3306 2416 3383 benigna,

566 3379 638 3440 Et
678 3381 926 3447 meliore
966 3384 1094 3449 luto
1135 3386 1309 3449 finxit
1349 3388 1696 3467 praecordia
1738 3387 1954 3448 Titan:
2433 3383 2486 3426 3⁰
